2348 3788
178 221 240 288 134
454 218 492 265 rr.
519 216 638 265 rurrrr
659 217 845 266 crearemus
987 206 1057 290 [rm
1072 220 1118 272 111.

176 393 237 432 non
252 374 380 450 potuisti,
395 393 454 450 quo
472 392 529 449 ego
547 375 674 433 maxime
695 392 815 450 operam
833 383 863 432 et
883 372 1049 432 fidelitatem
1068 375 1118 434 de·

177 473 297 529 sideravi
319 483 407 542 tuam,
422 490 492 530 cave
513 471 632 530 festines
652 481 702 530 aut
724 472 896 541 committas,
910 481 942 529 ut
962 483 1011 530 aut
1031 491 1120 549 aeger

176 580 224 626 aut
245 569 340 627 hieme
361 569 497 644 naviges:
519 587 678 645 numquam
700 586 764 627 sero
784 578 813 627 te
830 569 942 627 venisse
962 572 1081 645 putabo,
1095 573 1120 630 si

176 667 269 724 salvus
283 667 405 725 veneris
447 665 553 724 Adhuc
573 667 720 725 neminem
741 666 878 736 videram,
895 666 946 742 qui
965 676 994 724 te
1014 678 1120 743 postea

174 764 291 821 vidisset
315 781 403 838 quam
424 762 467 823 M.
488 763 635 834 Volusius,
659 782 677 821 a
701 781 761 839 quo
783 773 848 822 tuas
869 763 977 822 litteras
1001 768 1119 842 accepi:

175 860 256 935 quod
270 878 330 918 non
344 860 487 933 mirabar;
508 861 696 936 nequeenim
712 879 794 920 meas
813 872 884 938 puto
903 861 942 920 ad
961 871 989 920 te
1010 862 1119 922 litteras

174 968 255 1015 tanta
279 956 373 1015 hieme
394 957 522 1034 perferri.
564 957 623 1016 Sed
647 957 685 1016 da
707 976 836 1034 operam,
858 968 890 1018 ut
913 958 1008 1017 valeas
1030 970 1068 1030 et,
1094 962 1120 1018 si

174 1054 290 1124 valebiS,
306 1073 373 1112 cum
394 1065 471 1112 recte
491 1054 618 1130 navigari
636 1057 748 1131 poterit,
763 1067 825 1114 tum
845 1057 972 1132 naviges.
1014 1056 1119 1115 Cicero

174 1170 257 1209 meus
271 1152 301 1208 in
314 1151 471 1210 Formiano
486 1162 555 1222 erat,
566 1151 704 1210 Terentia
717 1164 746 1211 et
757 1152 854 1212 Tullia
864 1153 989 1214 Romae.
1022 1152 1119 1225 ¹Cura,

174 1257 206 1306 ut
220 1248 323 1307 valeas.
364 1267 416 1308 1111.
437 1247 477 1308 K.
496 1248 632 1311 Februar.
654 1247 765 1327 Capua

350 1441 399 1497 53.
439 1437 497 1497 AD
517 1438 771 1500 FAMILIARES
792 1439 874 1502 XVI.
899 1453 946 1518 15.

494 1552 655 1614 Semnum
671 1559 806 1615 merendo.
858 1580 861 1586 ·

478 1675 602 1718 ruamus
629 1677 730 1720 mom
757 1679 819 1721 sm..

177 1826 185 1831 ,
218 1789 243 1831 1.
264 1773 405 1832 Ancum
426 1773 463 1832 ad
484 1792 532 1832 me
553 1775 630 1833 venit
649 1793 693 1851 pr.
715 1775 785 1836 Idus
805 1776 875 1852 Apr.
918 1775 950 1836 Is
971 1776 1024 1837 etsi
1047 1778 1118 1836 mihi

175 1871 316 1929 nuntiavit
342 1881 370 1929 te
398 1870 485 1947 plane
509 1871 582 1929 febri
605 1889 702 1930 carere
726 1883 755 1931 et
778 1873 853 1932 belle
874 1873 989 1945 habere,
1010 1885 1117 1945 tamen,

174 1967 255 2041 quod
282 1968 398 2042 negavit
425 1977 454 2026 te
478 1968 607 2044 potuisse
635 1968 673 2028 ad
696 1987 745 2028 me
768 1971 902 2042 scribere,
923 1989 1023 2030 curam
1047 1973 1118 2030 mihi

174 2064 273 2134 attulit,
289 2075 317 2122 et
331 2083 367 2123 eo
382 2066 484 2141 magis,
496 2065 577 2141 quod
591 2063 721 2136 Hermia,
735 2083 823 2141 quem
838 2068 943 2126 eodem
959 2069 1006 2126 die
1020 2070 1118 2126 venire

174 2173 348 2237 oportuerat,
363 2180 424 2220 non
445 2171 570 2221 venerat.
611 2161 776 2220 Incredibili
793 2181 858 2221 sum
873 2165 1064 2223 sollicitudine
1079 2167 1118 2224 de

174 2269 223 2316 tua
246 2259 416 2331 valetudine,
438 2278 497 2337 qua
520 2260 544 2319 si
568 2277 616 2318 me
640 2259 777 2331 liberaris,
803 2278 860 2336 ego
885 2271 913 2319 te
941 2263 1021 2320 omni
1049 2281 1119 2321 cura

174 2356 309 2414 liberabo.
351 2355 437 2415 Plura
463 2357 628 2427 scriberem,
651 2357 755 2415 silam
779 2368 911 2433 putarem
935 2359 1067 2418 lubenter
1088 2370 1118 2418 te

174 2451 269 2525 legere
290 2470 386 2527 posse.
429 2453 584 2528 Ingenium
604 2463 694 2522 tuum,
714 2453 794 2529 quod
815 2472 872 2530 ego
893 2457 1012 2515 maximi
1032 2456 1117 2527 facio,

174 2548 273 2605 confer
288 2550 324 2606 ad
338 2559 367 2607 te
386 2549 457 2607 mihi
476 2549 585 2626 tibique
603 2550 844 2608 conservandum.
886 2550 964 2610 Cura
983 2561 1012 2610 te
1031 2553 1117 2611 etiam

175 2656 261 2719 atque
276 2646 363 2703 etiam
377 2645 537 2721 diligenter.
579 2645 661 2704 Vale.

217 2761 242 2801 2.
266 2743 379 2820 Scripta
399 2743 458 2802 iam
481 2744 605 2821 epistola
627 2744 749 2803 Hermia
773 2744 858 2804 venit.
899 2745 1011 2823 Accepi
1036 2757 1117 2807 tuam

174 2842 326 2916 epistolam
351 2842 547 2901 vacillantibus
574 2841 712 2912 litterulis,
736 2861 790 2901 nec
814 2843 930 2914 mirum,
953 2854 1014 2903 tam
1037 2847 1118 2920 gravi

174 2939 288 2996 morbo.
329 2937 396 3014 Ego
410 2939 448 2997 ad
461 2949 490 2998 te
504 2940 670 3016 Aegyptam
684 2939 757 3008 misi,
773 2939 855 3014 quod
869 2958 925 2998 nec
943 2940 1118 3002 inhumanus

176 3049 219 3094 est
234 3046 262 3093 et
276 3045 304 3093 te
318 3037 394 3093 visus
409 3045 453 3094 est
466 3037 536 3093 mihi
553 3036 680 3110 diligere,
695 3045 726 3093 ut
744 3035 768 3094 is
787 3045 884 3094 tecum
903 3046 988 3109 esset,
1003 3048 1032 3097 et
1050 3057 1119 3098 cum

177 3151 213 3192 eo
229 3151 364 3210 coquum,
379 3151 438 3210 quo
452 3143 573 3194 uterere.
612 3131 693 3192 Vale.
