2356 3810
190 239 229 312 4'
435 296 437 301 .
468 243 507 292 n.
531 242 650 292 rnrrn
671 243 858 292 orcunonrc
889 263 892 266 >
1024 231 1094 313 [Pars
1108 245 1127 292 1.

190 412 330 474 nostrum,
352 399 506 462 defendere
527 402 708 478 cogitamus;
744 401 853 460 iudices
876 400 1027 472 habemus,
1055 419 1130 477 quos

188 501 342 570 voluimus,
381 517 495 558 summa
534 499 708 559 accusatoris
747 500 903 559 voluntate.
963 498 1064 575 Spero,
1107 500 1131 558 si

189 597 338 656 absolutus
354 597 414 668 erit,
436 597 666 658 coniunctiorem
685 596 765 656 illum
786 597 870 656 nobis
886 596 948 656 fore
968 597 998 654 in
1019 597 1131 656 ratione

189 696 352 772 petitionis3
376 695 421 753 sin
432 695 511 754 aliter
522 694 664 765 acciderit,
676 695 839 756 humaniter
849 694 983 754 feremus.
1021 715 1047 753 2.
1062 695 1131 752 Tuo

190 792 315 851 adventu
342 793 428 852 nobis
455 810 530 868 opus
558 802 601 852 est
628 801 761 864 maturo,
791 811 860 851 nam
874 810 993 868 prorsus
1017 810 1133 850 summa

190 891 342 949 hominum
364 900 408 950 est
435 891 534 966 opinio
563 900 629 950 tuos
657 891 819 962 familiares,
848 891 961 949 nobiles
988 890 1132 960 homines,

190 989 369 1048 adversarios
396 988 501 1048 honori
529 999 630 1049 nostro
652 989 729 1048 sore:
765 989 803 1048 ad
827 1008 928 1048 eorum
955 990 1132 1049 voluntatem

190 1085 259 1142 mihi
274 1084 485 1144 conciliandam
499 1088 627 1145 maximo
641 1096 670 1145 te
683 1086 754 1144 mihi
764 1087 828 1146 usui
847 1087 909 1144 sore
928 1087 1020 1144 video.
1064 1086 1133 1160 Qua

189 1201 220 1242 re
234 1183 370 1244 Ianuario
384 1201 493 1256 mense,
508 1194 540 1242 ut
554 1185 734 1256 constituisti,
749 1202 818 1244 cura
831 1194 863 1243 ut
878 1184 993 1242 Romae
1008 1185 1058 1245 sis

404 1370 430 1425 3.
472 1365 530 1424 ΑΙ)
550 1365 802 1425 FAMILIARES
823 1365 860 1424 V.
884 1369 912 1426 7.

458 1479 526 1538 Sca.
547 1480 657 1539 Roman
678 1499 778 1540 nuc.
801 1483 868 1555 692.

283 1605 316 1646 Μ.
331 1604 454 1647 TULLIUS
469 1605 499 1644 lt.
515 1605 540 1644 F.
556 1605 658 1646 CICERO
673 1605 695 1645 S.
710 1605 737 1644 Ι).
753 1605 797 1647 CN.
812 1605 936 1647 POMPEIO
950 1604 993 1646 CN·
1008 1603 1037 1646 F·

509 1687 610 1728 MAGNO
624 1686 811 1728 IMPERATORI·

235 1790 259 1830 r.
286 1771 314 1830 S.
337 1773 375 1832 T.
394 1771 430 1830 E.
451 1771 489 1844 Q.
510 1772 548 1830 V.
570 1772 604 1831 Β.
625 1773 660 1831 Ε.
695 1771 741 1831 Ex
751 1773 849 1832 litteris
860 1773 926 1845 tuiS,
934 1791 1006 1849 quas
1017 1774 1134 1849 publice

191 1870 302 1941 misisti,
323 1870 387 1946 cepi
407 1887 466 1928 una
487 1888 554 1928 cum
568 1871 703 1928 omnibus
724 1870 920 1929 incredibilem
936 1869 1131 1946 voluptatem;

191 1978 301 2026 tantam
322 1969 400 2026 enim
421 1985 504 2043 spem
525 1967 575 2026 otii
596 1967 756 2038 ostendisti,
778 1977 918 2044 quantam
939 1986 995 2043 ego
1017 1986 1133 2045 semper

192 2068 327 2125 omnibus
354 2075 383 2125 te
397 2081 457 2124 uno
485 2065 574 2124 fretus
601 2065 759 2142 pollicebar
767 2069 790 2138 31
798 2066 849 2124 s'ed
877 2064 934 2124 hoc
962 2066 1046 2136 scito,
1066 2076 1132 2124 tuos

191 2173 300 2222 veteres
313 2162 421 2234 hostes,
432 2180 525 2222 novos
539 2163 658 2234 amicos,
672 2162 857 2221 vehementer
870 2162 968 2220 litteris
981 2163 1132 2237 perculsos

191 2271 276 2336 atque
290 2279 327 2320 ex
341 2278 449 2336 magna
468 2278 521 2336 spe
535 2260 702 2318 deturbatos
721 2259 823 2319 iacere.
867 2279 893 2318 2.
909 2257 958 2316 Ad
972 2276 1019 2316 me
1035 2269 1133 2318 autem

190 2359 305 2428 litteras
320 2375 392 2434 quas
408 2358 518 2428 misisti,
539 2374 718 2432 quamquam
736 2358 872 2432 exiguam
890 2356 1132 2431 significationem

189 2464 256 2514 tuae
271 2473 340 2531 erga
353 2472 401 2513 me
415 2454 568 2513 voluntatis
582 2453 736 2524 habebant,
746 2463 843 2512 tamen
857 2453 928 2510 mihi
943 2453 1015 2510 scito
1030 2453 1131 2512 iucun-

190 2554 242 2613 das
256 2553 360 2625 fuisse3
385 2553 463 2611 nulla
477 2553 554 2610 enim
568 2570 599 2610 re
614 2563 673 2610 tam
686 2552 784 2610 laetari
799 2551 880 2610 soleo
895 2569 985 2626 quam
997 2569 1131 2610 meorum

190 2652 350 2710 officiorum
360 2651 546 2720 conscientia,
554 2649 657 2725 quibus
668 2649 692 2707 si
701 2648 819 2724 quando
831 2666 892 2706 non
901 2659 999 2707 mutue
1009 2667 1131 2724 respon·

190 2749 280 2816 detur,
295 2747 372 2824 apud
386 2766 433 2806 me
447 2747 512 2824 plus
526 2747 612 2805 officii
631 2730 755 2805 residere
776 2745 909 2804 facillime
931 2747 1041 2822 patior:
1062 2746 1132 2804 illud

189 2865 250 2904 non
264 2847 373 2918 dubim,
388 2846 466 2921 quin,
482 2846 547 2903 site
568 2862 634 2903 mea
655 2862 769 2903 summa
782 2862 851 2919 erga
870 2854 898 2902 te
914 2844 1007 2902 studia
1028 2861 1132 2918 parum

189 2944 259 3001 mihi
280 2943 469 3011 adiunxerint,
490 2959 536 3001 res
560 2941 676 3017 publica
699 2958 755 2999 nos
776 2941 849 2998 inter
870 2941 1132 3016 nos-conciliatura

189 3041 436 3114 coniuncturaque
451 3041 495 3097 sit.
539 3058 565 3113 3.
588 3038 632 3097 Ac
653 3056 690 3096 ne
712 3039 837 3113 ignores,
855 3037 924 3113 quid
945 3054 1001 3112 ego
1022 3038 1052 3093 in
1075 3038 1131 3094 tuis

188 3137 286 3196 litteris
299 3137 494 3207 desiderarim,
509 3137 634 3194 scribam
651 3147 757 3211 aperte,
774 3137 846 3193 sicut
866 3145 894 3192 et
907 3152 973 3192 mea
987 3144 1089 3191 natura
1103 3145 1132 3193 et

188 3247 287 3294 nostra
307 3233 432 3293 amicitia
451 3234 595 3310 postulat:
621 3252 668 3292 res
688 3252 737 3292 eas
758 3234 844 3308 gessi,
862 3251 984 3309 quarum
1005 3233 1130 3308 aliquam

188 3336 218 3392 in
246 3334 302 3391 tuis
324 3333 422 3390 litteris
445 3341 474 3390 et
499 3342 616 3389 nostrae
638 3331 859 3389 necessitudinis
881 3341 910 3389 et
933 3331 973 3388 rei
997 3331 1130 3406 publicae

187 3449 276 3490 causa
289 3429 510 3506 gratulationem
524 3429 688 3504 exspectavi
696 3447 704 3500 ;
724 3446 813 3507 quam
826 3446 883 3504 ego
899 3429 951 3486 abs
964 3437 992 3488 te
1003 3438 1128 3504 praeter-
