2348 3788
57 218 101 280 sp.
116 197 173 288 90]
262 211 376 260 nrrsr.
398 208 448 258 an
470 207 692 257 FAMILIARES
712 208 760 261 ιν.
780 211 812 275 4.
935 213 995 281 193
1058 177 1066 187 ’

57 373 143 431 Haec
170 370 221 428 tibi
248 379 333 427 antea
356 386 417 427 non
444 368 584 442 rescripsi,
608 385 668 425 non
692 384 752 442 quo
777 375 904 425 cessator
932 384 997 423 esse

57 470 188 539 solerem,
210 467 376 543 praesertim
399 467 429 523 in
451 466 558 535 litteris,
581 466 641 534 sed,
665 483 733 522 cum
761 464 901 539 explorati
928 463 998 520 nihil

56 568 204 631 haberem,
220 584 275 624 nec
293 565 345 623 tibi
364 563 585 622 sollicitudinem
605 583 640 620 ex
660 564 839 621 dubitatione
858 579 924 619 mea
943 580 998 619 nec

58 685 143 744 spem
165 684 202 723 ex
230 663 430 722 adfirmatione
457 661 569 719 adferre
591 661 677 718 volui.
720 660 794 718 Illud
809 642 920 717 vtamen
947 659 999 716 ad-

58 765 192 834 scribam,
208 761 287 837 quod
306 772 350 818 est
369 759 556 828 verissimum,
571 777 618 816 me
639 758 684 816 his
704 759 883 834 temporibus
903 757 998 815 adhuc

59 863 96 920 de
115 863 171 919 isto
191 860 319 936 periculo
334 857 404 915 nihil
424 858 555 915 audisse:
577 866 608 913 tu
627 866 725 914 tamen
744 873 798 931 pro
816 865 866 913 tua
884 856 999 930 sapien-

58 962 98 1019 tia
130 959 250 1017 debebis
278 967 377 1032 optare
408 947 529 1031 optima,
558 955 685 1028 cogitare
720 954 893 1025 difficillima,
926 952 999 1012 ferre

58 1074 260 1136 quaecumque
274 1065 365 1114 erunt.

264 1215 311 1269 90.
353 1209 410 1268 AD
431 1207 681 1266 FAMILIARES
703 1207 757 1268 lv.
778 1226 805 1280 4.

111 1328 176 1388 Sex.
198 1327 308 1386 Rome
327 1342 461 1383 amunta
481 1341 575 1380 unuss
596 1322 761 1381 Serranam
782 1341 865 1383 auc.
888 1325 957 1398 708.

288 1450 324 1490 u,
339 1447 442 1490 crunno
462 1447 485 1487 s.
507 1447 535 1487 n.
556 1447 616 1487 sax.
637 1448 774 1490 suarrcro.

106 1568 131 1608 r.
152 1549 271 1608 Accnuo
285 1545 502 1603 excusationem
515 1554 602 1616 tuam,
615 1563 672 1620 qua
686 1563 755 1603 usus
770 1563 810 1615 es,
822 1563 872 1604 cur
887 1543 1002 1620 saepius

61 1648 100 1706 ad
127 1665 175 1705 me
202 1646 307 1702 litteras
335 1661 396 1700 uno
421 1643 556 1717 exemplo
584 1644 722 1714 dedisses,
749 1644 801 1702 sed
828 1644 941 1719 accipio
965 1661 1001 1700 ex

62 1764 97 1804 ea
118 1753 206 1819 parte,
229 1752 370 1818 quatenus
395 1750 444 1797 aut
465 1740 647 1816 neglegentia
672 1752 720 1799 aut
745 1742 928 1818 improbitate
952 1758 1002 1799 eo-

62 1862 135 1912 rum,
164 1842 213 1917 qui
241 1839 377 1915 epistolas
405 1839 556 1913 accipiant,
585 1838 646 1896 fieri
679 1840 780 1898 scribis
812 1858 850 1897 ne
877 1839 915 1897 ad
946 1856 1001 1896 nos

62 1941 259 2018 perferantur:
288 1937 366 1995 illam
394 1946 505 2011 partem
534 1937 735 2007 excusationis,
761 1955 819 2013 qua
846 1946 874 1995 te
903 1937 1003 1995 scribis

62 2039 200 2098 orationis
224 2035 483 2112 paupertate-sic
509 2035 586 2092 enim
615 2036 885 2111 appellas-isdem
908 2035 1003 2092 verbis

62 2136 199 2214 epistolas
219 2135 333 2209 saepius
353 2133 474 2203 mittere,
496 2151 551 2190 nec
570 2151 661 2191 nosco
680 2152 735 2192 nec
754 2135 869 2208 probo;
898 2142 926 2191 et
946 2150 1004 2207 ego

62 2237 133 2311 ipse,
155 2250 243 2307 quem
270 2240 301 2287 tu
328 2248 379 2306 per
407 2230 595 2289 iocum-sic
624 2234 702 2289 enim
730 2231 1003 2307 accipio-divitias

62 2331 202 2391 orationis
221 2329 327 2386 habere
344 2328 425 2397 dicis,
443 2346 490 2384 me
510 2347 570 2386 non
589 2347 653 2387 esse
672 2329 825 2387 verborum
844 2328 1004 2387 admodum

63 2432 183 2505 inopem
211 2443 357 2501 agnosco:
393 2427 571 2499 εἰρωνεύεσθαι
599 2427 676 2484 enim
704 2445 765 2484 non
793 2445 912 2486 necesse
941 2432 1004 2485 est:

65 2528 117 2587 sed
136 2538 234 2584 tamen
255 2524 427 2582 idem-nec
445 2523 502 2582 hoc
521 2525 833 2598 elpuvevdpevos—facile
852 2525 926 2584 cedo
942 2535 1006 2584 tuo·

64 2643 128 2682 rum
157 2623 330 2697 scriptorum
356 2621 502 2679 subtilitati
527 2631 555 2679 et
583 2622 751 2698 elegantiae.
795 2642 821 2680 a.
844 2621 1005 2681 Consilium

64 2730 155 2788 tuum,
171 2736 230 2793 quo
249 2729 277 2775 te
296 2736 382 2774 usum
402 2718 502 2780 scribis
520 2719 578 2777 hoc
592 2719 754 2778 Achaicum
775 2721 925 2794 negotium
944 2737 1005 2778 non

64 2817 250 2884 recusavisse‚
272 2832 340 2872 eum
361 2833 475 2890 semper
493 2817 699 2891 probavissem,
721 2826 783 2874 tum
802 2817 1006 2892 multomagis

64 2914 185 2991 probavi
202 2912 282 2970 lectis
301 2914 357 2970 tuis
376 2912 514 2988 proximis
534 2913 631 2971 litteris
641 2933 649 2985 ;
671 2932 774 2972 omnes
795 2915 874 2972 enim
893 2933 1006 2983 causae,

65 3029 138 3088 quas
163 3026 384 3078 commemoras,
407 3009 579 3068 iustissimae
604 3021 671 3069 sunt
697 3021 804 3088 tuaque
829 3020 857 3070 et
885 3012 1007 3070 auctori·

64 3119 124 3168 tate
139 3116 168 3165 et
183 3106 336 3183 prudentia
353 3105 548 3181 dignissimae.
590 3106 680 3178 Quod
698 3109 778 3166 aliter
792 3110 931 3168 cecidisse
945 3127 1007 3167 rem

65 3201 213 3262 existimas
234 3210 319 3276 atque
341 3200 475 3277 opinatus
496 3201 544 3270 sis,
563 3201 592 3258 id
614 3202 663 3259 tibi
686 3202 764 3260 nullo
788 3202 879 3260 modo
901 3201 1007 3260 adsen-

66 3300 138 3370 tior;
168 3298 220 3355 sed
244 3299 311 3374 quia
335 3307 415 3356 tanta
438 3299 612 3374 perturbatio
632 3309 661 3357 et
683 3299 816 3358 confusio
838 3309 882 3358 est
903 3317 1006 3370 rerum,

66 3398 106 3456 ita
130 3396 262 3473 perculsa
286 3406 314 3455 et
338 3404 479 3474 prostrata
499 3394 667 3455 foedissimo
688 3397 764 3455 bello
785 3398 879 3456 iacent
899 3399 1006 3471 omnia,

527 3511 546 3555 o
