2356 3810
194 233 235 316 38
467 247 505 295 ru.
529 248 649 297 rurrrr
671 250 858 298 crassorum
1033 235 1100 327 [rats
1111 259 1131 306 1.

194 404 330 462 comitate
351 405 520 480 complexus
541 424 614 478 sum,
634 406 853 483 Nymphontem
875 408 961 466 etiam
982 408 1131 486 Colopho·

193 503 290 560 nium:
313 521 387 578 quae
406 502 460 561 leci
477 505 584 574 omnia,
599 523 660 563 non
677 523 735 580 quo
755 525 803 564 me
824 516 873 564 aut
889 507 918 564 hi
935 506 1071 566 homines
1085 519 1133 567 aut

194 610 254 657 tota
265 601 344 658 natio
355 600 712 677 delectaret-pertaesum
723 614 766 661 est
776 603 904 676 levitatis,
916 605 1132 678 adsentationis,

193 697 357 755 animorum
376 715 437 755 non
457 697 567 768 officiis,
582 699 634 756 sed
652 700 830 775 temporibus
850 701 1085 774 servientium—,
1106 721 1132 776 5.
1166 711 1170 722 “

193 794 253 864 sed,
266 805 298 852 ut
312 794 350 852 ad
365 795 486 853 Zeuxim
500 805 632 866 revertar,
642 815 708 854 cum
718 797 743 854 is
754 797 791 855 de
801 796 843 854 M.
854 797 986 857 Cascellii
997 818 1133 859 sermone

194 910 294 950 secum
313 892 422 964 habito,
435 911 511 969 quae
530 903 561 951 tu
582 895 691 965 scribis,
711 913 747 952 ea
766 896 830 970 ipsa
849 895 1021 971 loqueretur,
1036 899 1132 956 obstiti

112 987 114 992 '
194 991 255 1048 eius
271 991 398 1049 sermoni
414 1000 444 1049 et
461 991 611 1049 hominem
631 992 660 1049 in
680 993 900 1051 familiaritatem
918 995 1023 1070 recepi.
1066 995 1132 1054 Tua

192 1099 289 1146 autem
313 1107 388 1165 quae
412 1088 497 1148 fuerit
522 1078 662 1165 cupiditas
687 1099 776 1162 tanta,
797 1093 905 1163 nescio,
927 1094 1008 1169 quod
1032 1097 1132 1154 scribis

191 1187 307 1261 cupisse
327 1198 365 1258 te,
387 1187 526 1262 quoniam
547 1187 688 1263 Smyrnae
712 1189 786 1246 duos
810 1187 914 1264 Mysos
940 1190 1079 1250 insuisses
1102 1194 1132 1251 in

191 1284 312 1354 culeum,
328 1285 420 1342 simile
433 1285 464 1342 in
478 1286 627 1360 superiore
642 1296 723 1362 parte
740 1286 906 1360 provinciae
926 1288 1012 1346 edere
1034 1308 1131 1348 exem-

191 1384 272 1458 plum
304 1383 458 1440 severitatis
486 1393 552 1440 tuae
579 1393 609 1441 et
635 1383 743 1441 idcirco
772 1383 894 1442 Zeuxim
921 1385 1023 1444 elicere
1051 1389 1131 1446 omni

190 1477 302 1534 ratione
326 1476 460 1545 voluisse,
483 1494 570 1551 quem
598 1477 756 1534 adductum
783 1478 813 1534 in
840 1478 978 1536 iudicium
1006 1479 1131 1541 sortasse

192 1573 295 1631 dimitti
310 1590 372 1630 non
386 1582 560 1648 oportuerat,
575 1573 706 1649 conquiri
719 1591 787 1631 vero
802 1585 832 1632 et
850 1575 912 1632 elici
931 1576 1085 1649 blanditiis,
1099 1589 1130 1637 ut

190 1683 223 1730 tu
242 1672 351 1742 scribis
367 1672 405 1729 ad
425 1671 562 1729 iudicium
583 1689 702 1729 necesse
720 1689 781 1729 non
797 1672 859 1742 fuit,
873 1691 940 1731 eum
959 1679 1127 1749 praesertim

191 1769 349 1838 hominem,
364 1787 452 1844 quem
471 1787 527 1844 ego
547 1779 627 1826 etex
647 1770 706 1827 suis
725 1770 834 1827 civibus
853 1780 936 1828 etex
955 1773 1053 1831 multis
1070 1775 1130 1832 aliis

190 1867 321 1943 quotidie
344 1868 437 1942 magis
460 1885 610 1941 cognosco
633 1867 804 1925 nobiliorem
828 1886 893 1926 esse
920 1887 1012 1944 prope
1041 1891 1130 1948 quam

191 1966 334 2024 civitatem
359 1982 450 2023 suam.
499 1967 526 2039 6.
549 1966 604 2022 ‘At
626 1964 705 2022 enim
730 1963 850 2024 Graecis
875 1966 944 2026 solis
972 1968 1129 2044 indulgeo'

191 2064 291 2136 Quid?
312 2062 345 2121 L.
367 2061 526 2121 Caecilium
545 2081 644 2120 nonne
661 2064 741 2121 omni
760 2065 871 2123 ratione
889 2066 1019 2141 placavi?
1041 2086 1129 2144 quem

189 2162 357 2220 hominem!
380 2179 438 2237 qua
459 2162 517 2218 iral
540 2178 599 2235 quo
620 2161 738 2236 spiritui
763 2180 851 2237 quem
872 2163 996 2239 denique
1016 2175 1130 2239 praeter

190 2260 378 2330 Tuscenium,
393 2258 473 2317 cuius
493 2277 580 2316 causa
597 2259 692 2316 sanari
708 2275 769 2315 non
786 2269 890 2334 potest,
905 2277 966 2318 non
980 2262 1128 2338 mitigavi?

190 2357 269 2416 Ecce
293 2376 381 2433 supra
409 2367 496 2433 caput
520 2358 610 2415 homo
638 2356 707 2415 levis
729 2376 764 2415 ac
789 2358 929 2428 sordidus,
952 2360 1004 2417 sed
1028 2371 1127 2420 tamen

191 2457 317 2532 equestri
338 2473 436 2525 censu,
459 2454 612 2512 Catienus:
634 2454 722 2511 etiam
742 2455 766 2512 is
787 2454 922 2527 lenietur;
943 2457 1024 2515 cuius
1046 2469 1077 2517 tu
1099 2461 1129 2518 in

189 2565 302 2630 patrem
316 2554 398 2628 quod
412 2553 488 2610 luisti
502 2553 638 2628 asperior,
653 2569 714 2609 non
733 2552 930 2627 reprehendo;
951 2566 1031 2613 certo
1050 2559 1129 2616 enim

191 2653 252 2712 scio
267 2660 296 2708 te
310 2651 412 2709 fecisse
427 2669 493 2708 cum
513 2668 616 2720 causa;
640 2650 692 2708 sed
711 2635 781 2725 quid
800 2669 875 2726 opus
893 2651 946 2709 luit
964 2653 1026 2711 eius
1047 2656 1129 2713 modi

188 2750 295 2819 litteris,
310 2767 383 2824 quas
398 2749 435 2807 ad
449 2749 545 2824 ipsum
558 2747 680 2806 misisti?
717 2747 819 2805 ‘Illum
834 2767 949 2807 crucem
964 2751 1016 2808 sibi
1031 2752 1128 2826 ipsum

189 2849 373 2916 constituere,
385 2865 421 2905 ex
434 2856 533 2922 quatu
544 2864 611 2904 eum
625 2856 693 2904 ante
707 2846 879 2905 detraxisses
887 2865 895 2919 ;
910 2857 938 2904 te
953 2859 1128 2921 curaturum,

189 2947 270 3004 sumo
292 2956 324 3004 ut
344 2945 568 3014 combureretur,
583 2944 737 3019 plaudente
758 2953 820 3002 tota
839 2946 1004 3020 provincia?
1047 2946 1128 3018 Quid

189 3063 256 3103 vero
285 3044 323 3102 ad
350 3042 384 3102 C.
407 3042 529 3100 Fabium
557 3043 655 3100 nescio
680 3060 767 3117 quem
776 3043 896 3100 i-nam
921 3062 986 3100 eam
1009 3062 1128 3121 quoque

189 3142 341 3218 epistolam
361 3141 397 3200 T.
415 3139 553 3199 Catienus
572 3141 824 3215 circumgestat—⁸
833 3143 988 3200 renuntiari
1005 3143 1056 3200 tibi
1079 3143 1128 3201 Li-

189 3241 296 3300 cinium
311 3240 481 3316 plagiarium
496 3257 563 3296 cum
579 3256 631 3296 suo
646 3237 725 3314 pullo
739 3238 858 3295 miluino
872 3240 978 3297 tributa
992 3240 1127 3316 exigere?

189 3337 303 3396 Deinde
338 3354 424 3412 rogas
455 3337 588 3405 Fabium,
617 3345 648 3393 ut
675 3345 704 3393 et
731 3344 843 3410 patrem
870 3347 899 3394 et
927 3337 1017 3394 filium
1046 3339 1128 3397 vivos

189 3437 350 3504 comburat,
373 3434 396 3492 si
418 3434 527 3510 possit;
552 3433 702 3502 siminus,
726 3433 764 3491 ad
786 3443 813 3491 te
834 3433 935 3503 mittat,
956 3436 997 3493 uti
1011 3435 1128 3494 iudicio
