2356 3810
118 201 182 266 250
252 195 254 198 ‘
385 195 423 247 M.
450 197 568 245 rurrrr
590 200 779 250 creandam
945 189 1017 272 [Pars
1030 206 1059 253 ν.

116 359 148 405 ut
172 366 209 405 ne
234 347 280 405 cui
304 348 460 424 quicquam
485 349 552 407 iuris
577 349 607 406 in
629 360 678 407 tua
698 350 847 425 provincia
867 367 932 409 esse
952 352 1060 426 patiare

117 456 203 520 atque
227 455 258 503 ut
281 445 381 502 omnia
408 446 514 505 referas
543 448 580 505 ad
609 448 788 522 dignitatem,
814 467 872 524 qua
899 448 970 505 nihil
997 467 1059 506 esse

117 549 213 614 potest
237 539 435 614 praestantius.
489 557 516 610 4.
539 541 616 598 Vere
641 551 738 600 tecum
763 560 857 617 agam,
878 552 910 599 ut
934 545 1059 600 necessi·

116 637 186 695 tudo
206 645 305 694 nostra
323 636 468 710 postulat:
490 639 520 694 in
543 638 725 713 Semproni0,
744 639 767 697 si
789 639 862 696 meis
885 639 986 697 litteris
1008 642 1059 698 ob·

115 740 315 805 temperasses,
327 730 484 786 maximam
499 732 536 787 ab
547 732 683 789 omnibus
697 731 813 789 laudem
828 732 951 807 adeptus
962 751 1058 802 esses;

116 828 167 885 sed
188 826 258 884 illud
279 836 307 884 et
328 828 473 903 praeteriit
495 836 523 886 et
543 827 632 886 levius
654 838 706 899 est,
720 829 794 887 haec
811 847 920 905 magna
937 848 984 888 res
1001 842 1058 888 est:

115 925 161 982 fac
173 933 203 980 ut
217 924 395 998 provinciam
407 925 531 982 retineas
546 926 575 981 in
586 935 729 1000 potestate
744 928 784 984 rei
798 927 940 1002 publicae.
977 927 1060 985 Plura

115 1023 304 1097 scripsissem,
319 1022 374 1078 nisi
389 1022 430 1078 tui
445 1021 622 1081 festinarent.
657 1023 763 1100 Itaque
777 1021 945 1101 Chaerippo
960 1033 1059 1083 nostro

115 1137 162 1178 me
177 1120 262 1178 velim
277 1137 406 1178 excuses.

308 1263 373 1316 125.
415 1258 472 1316 AD
493 1257 743 1317 FAMILIARES
765 1257 817 1318 XI.
840 1261 868 1320 8.

251 1363 317 1424 Scn.
339 1363 448 1423 Roma
469 1383 562 1423 nausa
583 1365 727 1424 Irnunnro
748 1383 832 1426 nuc.
855 1379 924 1440 711.

254 1490 285 1530 rr.
299 1489 402 1531 crcnrto
422 1489 444 1530 s.
459 1490 487 1529 n.
502 1490 529 1529 n.
545 1490 641 1531 arturo
663 1491 721 1530 nm.
743 1491 801 1532 cos
824 1491 916 1532 unsre.

158 1595 183 1636 1.
205 1574 251 1636 Eo
265 1585 398 1650 tempore
413 1575 494 1634 Polla
508 1585 557 1633 tua
571 1577 657 1646 misit,
671 1585 703 1633 ut
717 1576 755 1634 ad
772 1586 808 1646 te,
825 1578 848 1635 si
863 1576 933 1654 quid
948 1579 1059 1651 vellem,

115 1675 214 1733 darem
239 1674 404 1742 litterarum,
430 1692 505 1743 cum,
532 1674 602 1749 quid
626 1675 790 1744 scriberem,
813 1693 874 1732 non
898 1675 1043 1735 habebam
1050 1698 1058 1749 ;

115 1773 214 1830 omnia
236 1772 315 1829 enim
340 1780 421 1829 erant
444 1789 586 1847 suspensa
610 1781 729 1847 propter
749 1773 999 1848 exspectationem
1020 1775 1060 1833 le·

114 1880 257 1945 gatorum,
273 1869 406 1944 quiquid
425 1869 559 1944 egissent,
574 1869 717 1926 nihildum
737 1871 931 1929 nuntiabatur.
975 1871 1059 1930 Haec

114 1979 212 2025 tamen
232 1965 385 2024 scribenda
403 1967 580 2024 existimavi:
606 1967 731 2041 primum
751 1977 884 2025 senatum
903 1969 1059 2044 populum-

29 2100 32 2105 »
115 2084 171 2141 que
196 2063 365 2121 Romanum
389 2063 425 2120 de
449 2072 477 2120 te
501 2064 632 2120 laborare
657 2082 718 2122 non
744 2064 838 2122 solum
863 2065 964 2124 salutis
990 2085 1060 2125 suae

114 2181 209 2231 causa,
233 2161 286 2219 sed
310 2161 396 2217 etiarn
421 2160 565 2235 dignitatis
595 2171 677 2232 tuae;
712 2161 888 2221 admirabilis
912 2165 992 2220 enim
1018 2176 1061 2222 est

114 2259 257 2335 quaedam
285 2257 326 2315 tui
348 2257 474 2314 nominis
502 2257 605 2315 caritas
631 2276 776 2342 amorque¹
795 2259 826 2316 in
852 2269 880 2317 te
906 2260 1060 2335 singularis

115 2359 245 2416 omnium
273 2355 392 2414 civium:
421 2355 460 2412 ita
484 2355 562 2412 enim
587 2365 704 2431 sperant
732 2366 818 2433 atque
843 2356 1005 2431 confidunt,
1030 2371 1061 2418 ut

114 2465 200 2514 antea
226 2471 303 2527 rege,
333 2453 373 2510 sic
400 2451 458 2509 hoc
485 2463 616 2527 ternpore
644 2471 736 2526 regno
767 2465 795 2522 te
822 2473 884 2512 rem
912 2457 1061 2530 publicam

52 2618 55 2624 ¹
113 2554 307 2609 liberaturum.
352 2569 377 2606 2.
400 2549 513 2607 Romae
537 2549 656 2608 dilectus
681 2551 803 2609 habetur
825 2562 944 2628 totaque
968 2554 1060 2625 Italia,

114 2653 138 2709 si
162 2650 208 2707 hic
232 2650 353 2706 dilectus
381 2648 571 2722 appellandus
603 2659 655 2720 est,
684 2668 751 2709 cum
776 2649 850 2708 ultro
877 2668 908 2708 se
933 2651 1062 2717 offerunt

114 2763 235 2804 omnes:
259 2755 355 2802 tantus
379 2745 465 2801 ardor
487 2745 600 2802 animos
628 2745 780 2804 hominum
803 2747 957 2820 occupavit
982 2747 1060 2806 desi-

115 2845 195 2901 derio
219 2843 354 2900 libertatis
377 2843 503 2918 odioque
529 2843 654 2901 diutinae
680 2843 829 2901 servitutis.
871 2842 917 2902 De
942 2846 1060 2922 reliquis

114 2943 201 2999 rebus
225 2958 243 2996 a
266 2949 294 2996 te
318 2939 376 2996 iam
404 2949 571 3015 exspectare
598 2940 705 2998 litteras
727 2940 876 3010 debemus,
898 2940 968 3017 quid
997 2944 1061 3018 ipse

115 3057 192 3114 agas,
210 3036 278 3113 quid
299 3046 397 3093 noster
417 3035 536 3107 Hirtius,
553 3038 623 3112 quid
643 3037 751 3095 Caesar
770 3056 862 3106 meus
877 3056 951 3112 quos
971 3058 1060 3115 spero

114 3136 193 3193 brevi
215 3145 345 3208 tempore
370 3135 507 3191 societate
532 3134 666 3192 victoriae
692 3145 787 3215 tecum
812 3135 964 3210 copulatos
988 3138 1059 3197 fore.

116 3233 271 3307 Reliquum
294 3241 337 3289 est
358 3241 390 3288 ut
412 3231 447 3288 de
468 3250 515 3288 me
537 3231 567 3289 id
588 3234 721 3301 scribam,
737 3232 817 3308 quod
838 3243 867 3289 te
887 3251 921 3289 ex
942 3243 1061 3291 tuorum

115 3331 212 3388 litteris
237 3340 266 3386 et
291 3346 376 3403 spero
402 3337 430 3385 et
454 3329 531 3386 malo
557 3345 742 3403 cognoscere,
765 3347 812 3384 me
837 3346 932 3403 neque
957 3329 1061 3387 deesse

116 3425 174 3485 ulla
187 3427 216 3483 in
231 3444 260 3483 re
276 3443 370 3501 neque
386 3443 524 3501 umquam
540 3424 703 3483 defuturum
721 3425 851 3501 dignitati
866 3439 939 3484 tuae.
