2348 3788
112 205 220 290 app]
348 218 462 268 amsa.
484 219 533 266 nn
555 219 718 268 Amicum
736 219 772 273 xa.
793 204 822 268 8.
990 206 1050 288 1⁶7

110 369 184 426 inter
195 386 250 426 nos
261 367 404 426 scribendi
415 367 476 426 fieri
486 377 601 444 tempus
612 387 689 441 esse;
705 367 765 440 sed,
777 388 844 427 cum
855 367 892 427 ad
903 386 950 426 me
964 387 1051 446 saepe

109 484 177 524 mea
192 465 288 523 Tullia
308 466 413 523 scribat
427 484 522 530 orans,
537 477 568 524 ut
582 467 652 542 quid
666 467 696 523 in
711 465 855 542 Hispania
875 457 989 542 geratur
1003 485 1051 525 ex·

111 575 248 639 spectem,
263 572 292 620 et
313 580 427 639 semper
448 563 590 622 adscribat
611 564 689 622 idem
703 564 792 622 videri
812 564 863 621 tibi
884 563 971 639 idque
989 565 1051 638 ipse

110 663 197 720 etiam
208 680 244 718 ex
255 661 311 718 tuis
320 660 418 718 litteris
429 661 626 732 intellexerim,
634 680 695 719 non
706 672 777 738 puto
788 679 852 719 esse
866 661 991 718 alienum
1005 679 1053 719 me

111 759 151 816 ad
164 768 200 829 te,
212 757 282 832 quid
297 756 333 814 de
347 774 382 814 ea
396 774 426 814 re
441 758 573 827 sentiam,
586 758 718 817 scribere.
763 778 787 816 2.
805 757 965 816 Consilium
977 757 1053 816 istud

111 866 181 913 tune
202 865 277 912 esset
296 853 433 928 prudens,
447 864 479 912 ut
494 854 564 911 mihi
578 855 697 925 videtur,
709 855 733 913 si
747 865 860 914 nostras
875 856 1001 914 rationes
1016 855 1054 914 ad

112 953 340 1028 Hispaniensem
355 969 455 1008 casum
470 952 716 1010 accommodaturi
732 971 860 1011 essemus
868 972 877 1026 ;
898 953 978 1029 quod
993 953 1053 1010 fieri

110 1051 228 1126 nequit;
250 1067 369 1106 necesse
385 1060 429 1106 est
442 1050 520 1106 enim
534 1061 590 1119 aut,
603 1049 632 1107 id
647 1050 726 1125 quod
740 1051 867 1108 maxime
881 1051 975 1121 velim,
985 1050 1054 1125 pelli

110 1152 198 1208 istum
213 1150 250 1206 ab
262 1147 415 1223 Hispania,
427 1158 474 1205 aut
488 1147 561 1204 trahi
576 1147 605 1205 id
619 1148 734 1219 bellum,
746 1159 794 1206 aut
808 1149 903 1218 istum,
918 1157 950 1206 ut
963 1148 1053 1206 confi·

112 1249 182 1306 dere
199 1247 316 1317 videtur,
331 1245 547 1320 apprehendere
562 1244 729 1320 Hispanias.
773 1246 804 1304 Si
823 1245 951 1322 pelletur,
966 1264 1054 1321 quarn

111 1357 210 1422 gratus
229 1355 278 1401 aut
297 1361 386 1419 quam
401 1343 540 1400 honestus
560 1354 621 1401 tum
641 1344 693 1401 erit
711 1343 749 1402 ad
762 1343 935 1419 Pompeium
956 1355 1055 1402 noster

113 1443 262 1512 adventus,
278 1459 343 1499 cum
364 1441 459 1516 ipsum
474 1439 632 1499 Curionem
651 1441 689 1499 ad
708 1459 776 1499 eum
796 1442 982 1500 transiturum
1001 1460 1054 1517 pu·

112 1542 193 1602 tem?
215 1541 239 1598 si
260 1539 379 1597 trahitur
399 1538 514 1609 bellum,
530 1538 600 1614 quid
621 1540 788 1615 exspectem
809 1549 858 1597 aut
876 1557 965 1614 quarn
985 1539 1054 1598 diu?

112 1639 289 1714 relinquitur,
307 1644 348 1706 ut,
370 1636 394 1693 si
414 1636 554 1693 vincimur
575 1637 605 1693 in
627 1635 780 1712 Hispania,
802 1638 1003 1713 quiescamus:
1025 1638 1055 1695 id

113 1754 171 1810 ego
191 1745 292 1794 contra
310 1744 398 1809 puto;
420 1732 508 1792 istum
525 1734 603 1791 enim
617 1735 755 1792 victorem
775 1735 869 1810 magis
891 1735 1054 1810 relinquen-

113 1835 186 1893 dum
213 1843 284 1909 puto
315 1849 404 1907 quam
431 1832 539 1890 victum
568 1841 598 1890 et
631 1833 811 1891 dubitantem
842 1833 935 1908 magis
966 1851 1055 1908 quarn

112 1933 253 1992 fidentem
277 1931 336 1988 suis
360 1930 455 1988 rebus.
498 1928 576 1986 Nam
599 1930 719 1987 caedem
740 1929 833 2001 video,
854 1930 879 1988 si
899 1931 1005 2000 vicerit,
1026 1941 1055 1989 et

114 2031 255 2105 impetum
276 2029 306 2085 in
327 2028 502 2103 privatorum
520 2027 658 2102 pecunias
679 2036 708 2086 et
728 2026 860 2084 exsulum
880 2027 1005 2085 reditum
1026 2038 1055 2085 et

114 2127 227 2186 tabulas
245 2144 336 2184 novas
355 2135 384 2184 et
402 2125 634 2201 turpissimorum
653 2124 781 2203 honores
802 2134 831 2182 et
851 2142 975 2200 regnum
994 2143 1055 2184 non

112 2225 207 2283 modo
229 2221 364 2280 Romano
386 2221 507 2291 homini,
522 2221 575 2280 sed
596 2240 633 2280 ne
652 2222 758 2281 Persae
779 2222 898 2298 quidem
919 2222 1055 2297 cuiquam

113 2320 268 2380 tolerabile.
314 2338 339 2394 3.
362 2319 466 2377 Tacita
484 2337 549 2377 esse
564 2320 668 2395 poterit
681 2319 838 2394 indignitas
856 2321 974 2378 nostra?
996 2321 1055 2396 pati

114 2427 251 2498 poterunt
272 2418 348 2475 oculi
369 2435 417 2475 me
445 2435 512 2475 curn
537 2416 665 2476 Gabinio
689 2419 862 2477 sententiam
883 2417 998 2476 dicere?
1026 2429 1056 2478 et

115 2518 233 2595 quidem
256 2516 336 2573 illum
357 2516 454 2590 rogari
476 2516 578 2591 prius?
598 2525 715 2592 praesto
735 2533 799 2575 esse
820 2516 953 2575 clientem
973 2527 1056 2576 tuum

115 2615 276 2674 Clodium?
318 2613 351 2673 C.
364 2614 441 2671 Ateii
451 2612 651 2689 Plaguleiuml
691 2614 822 2673 ceteros?
865 2613 923 2672 Sed
938 2632 988 2672 cur
1001 2615 1055 2672 ini·

115 2716 208 2773 micos
230 2712 344 2787 colligo
360 2712 409 2787 qui
430 2729 513 2770 meos
535 2711 714 2770 necessarios
735 2729 753 2768 a
773 2728 821 2769 me
843 2710 979 2770 defensos
1000 2731 1056 2772 nec

115 2813 212 2870 videre
241 2811 271 2868 in
295 2810 374 2868 curia
399 2809 459 2867 sine
485 2809 586 2869 dolore
611 2827 666 2867 nec
688 2809 794 2866 versari
816 2809 890 2867 inter
912 2827 964 2868 eos
992 2812 1056 2870 sine

115 2911 258 2969 dedecore
278 2907 403 2984 potero?
424 2906 503 2983 quid,
523 2907 547 2964 si
566 2925 603 2964 ne
622 2906 652 2964 id
666 2906 785 2982 quidem
804 2916 848 2964 est
864 2907 1055 2982 exploratum,

115 3009 186 3076 sore,
201 3016 233 3064 ut
249 3006 320 3062 mihi
338 3005 590 3063 liceat—scribunt
608 3004 685 3061 enim
703 3003 740 3061 ad
760 3021 808 3062 me
825 3005 910 3063 amici
928 3006 989 3064 eius
1008 3025 1056 3066 me

116 3106 155 3163 illi
176 3105 256 3162 nullo
275 3102 366 3160 modo
384 3102 577 3172 satisfecisse,
593 3101 674 3178 quod
693 3102 723 3158 in
743 3112 874 3160 senatum
894 3120 955 3160 non
972 3121 1057 3161 vene·

117 3204 221 3273 rim—‚
237 3214 374 3259 tamenne
389 3201 552 3258 dubitemus
568 3218 606 3257 an
623 3200 650 3257 ei
669 3217 724 3258 nos
742 3201 828 3258 etiam
849 3219 915 3258 curn
930 3200 1057 3276 periculo

116 3302 307 3368 venditemus,
329 3299 447 3372 quicum
469 3298 616 3356 coniuncti
641 3315 679 3355 ne
701 3315 768 3354 cum
790 3297 918 3373 praemio
940 3298 1057 3373 quidem

118 3399 261 3458 voluimus
276 3398 360 3457 esse?
403 3416 430 3468 4.
453 3395 568 3454 Deinde
588 3395 645 3454 hoc
664 3395 737 3465 vide,
757 3412 818 3452 non
837 3411 901 3453 esse
921 3395 1058 3456 iudicium
