2356 3810
98 216 142 278 ap.
160 199 217 286 η]
308 212 421 263 seraa
444 213 494 261 Aa
514 213 740 263 ranimirus
760 215 785 262 r.
809 220 840 285 9.
1004 213 1047 284 77.

96 381 164 421 rum
181 370 279 422 motus
298 371 341 422 est
362 363 454 423 sactus
475 382 542 424 cum
563 383 673 437 eorum,
688 383 813 441 quorum
833 364 972 441 oportuit,
982 374 1045 423 tum

96 461 213 519 illorum
226 461 323 532 etiam,
338 479 464 536 quorum
483 480 644 538 numquam
658 472 800 538 putaram.
844 482 871 538 9.
895 461 973 520 Nam
987 461 1045 520 hoc
1084 507 1087 513 .

97 569 218 618 senatus
241 559 374 616 consulto
397 559 427 616 in
451 577 548 617 meam
576 561 750 619 sententiam
777 559 854 618 facto
876 559 1044 635 Pompeius,

98 674 168 714 cum
182 655 254 713 mihi
268 655 338 713 nihil
352 656 526 716 ostendisset
540 675 572 716 se
586 676 651 718 esse
664 658 820 730 offensum,
835 657 865 715 in
881 656 1046 716 Sardiniam
1112 663 1116 676 '

96 765 128 814 et
156 755 187 818 in
213 754 343 813 Africam
370 755 517 832 profectus
545 767 590 816 est
617 775 712 834 eoque
740 758 840 816 itinere
868 755 980 814 Lucam
1007 755 1046 814 ad

97 854 258 914 Caesarem
272 854 359 912 venit.
401 854 447 911 Ibi
465 854 556 913 multa
570 855 607 913 de
626 874 693 914 mea
712 855 854 914 sententia
868 863 987 931 questus
1001 864 1046 912 est

97 950 218 1023 Caesar,
233 951 342 1028 quippe
356 950 405 1027 qui
420 952 508 1010 etiam
522 951 680 1011 Ravennae
695 951 833 1012 Crassum
848 962 915 1010 ante
928 952 1045 1010 vidisset

96 1051 137 1109 ab
151 1068 247 1127 eoque
260 1050 291 1107 in
304 1067 353 1106 me
367 1059 443 1108 esset
456 1050 600 1110 incensus.
645 1051 722 1109 Sane
736 1051 856 1109 moleste
870 1050 1045 1125 Pompeium

97 1148 129 1206 id
156 1147 229 1206 ferre
253 1148 421 1218 constabat;
454 1148 533 1224 quod
558 1165 623 1222 ego,
649 1166 716 1206 cum
740 1148 886 1206 audissem
911 1165 948 1204 ex
973 1146 1043 1217 aliis,

97 1246 228 1304 maxime
241 1263 278 1303 ex
297 1262 364 1303 meo
384 1244 470 1303 fratre
489 1246 623 1321 cognovi.
666 1244 764 1317 Quem
778 1263 846 1304 cum
866 1245 897 1302 in
913 1243 1045 1303 Sardinia

98 1343 258 1419 Pompeius
282 1342 384 1418 paucis
409 1352 476 1419 post
500 1343 609 1415 diebus,
639 1361 727 1420 quam
755 1343 837 1402 Luca
864 1342 1045 1412 discesserat,

96 1442 292 1512 convenisset,
308 1440 371 1499 ‘te'
386 1440 479 1517 inquit
499 1442 612 1518 ‘ipsum
633 1443 739 1518 cupio,
760 1441 831 1498 nihil
852 1440 1045 1517 opportunius

98 1539 194 1616 potuit
213 1538 359 1597 accidere:
380 1540 435 1598 nisi
456 1558 524 1598 cum
544 1539 648 1598 Marco
666 1540 752 1598 fratre
770 1539 921 1615 diligenter
941 1537 1044 1612 egeris

100 1636 327 1714 dependendum
354 1637 405 1695 tibi
432 1647 484 1707 est,
507 1638 586 1713 quod
607 1638 678 1696 mihi
699 1656 753 1714 pro
772 1637 821 1695 illo
843 1634 1044 1712 spopondisti!

100 1735 182 1808 Quid
195 1734 304 1792 multa?
326 1745 444 1810 questus
459 1745 502 1794 est
521 1737 658 1811 graviter;
681 1754 734 1794 sua
750 1735 851 1793 merita
865 1751 1045 1792 commemo-

99 1834 171 1892 ravit
179 1852 187 1906 ;
210 1832 280 1908 quid
299 1833 405 1908 egisset
424 1833 593 1908 saepissime
608 1833 644 1891 de
663 1835 735 1892 actis
751 1833 884 1892 Caesaris
898 1850 966 1890 cum
980 1833 1045 1906 ipso

99 1949 168 1990 meo
183 1930 268 1989 fratre
282 1931 411 2006 quidque
425 1930 480 1988 sibi
494 1930 518 1990 is
533 1931 569 1990 de
583 1948 632 1989 me
645 1931 811 2006 recepisset,
825 1930 855 1986 in
873 1930 1046 1986 memoriam

99 2029 213 2105 redegit
226 2045 323 2104 seque,
338 2046 413 2104 quae
431 2028 467 2087 de
486 2047 553 2086 mea
572 2029 662 2087 salute
681 2028 796 2103 egisset,
810 2028 956 2087 voluntate
971 2027 1045 2086 Cae-

98 2127 172 2186 saris
186 2127 281 2201 egisse
296 2126 391 2202 ipsum
406 2143 504 2184 meum
524 2102 640 2183 sratiem
654 2133 775 2184 testatus
795 2134 858 2196 est;
881 2125 962 2183 cuius
977 2143 1045 2183 cau·

100 2244 164 2284 sam
178 2225 407 2302 dignitatemque
427 2224 498 2282 mihi
517 2233 549 2282 ut
568 2224 797 2294 commendaret,
812 2224 923 2299 rogavit
936 2233 968 2282 ut
980 2242 1046 2283 eam

101 2343 139 2382 ne
161 2342 372 2401 oppugnarem,
395 2323 418 2382 si
443 2323 552 2382 nollem
572 2333 622 2381 aut
646 2341 707 2381 non
731 2341 850 2400 possem
874 2323 955 2382 tueri.
1000 2343 1045 2383 10.

100 2423 187 2482 Haec
206 2441 274 2482 cum
295 2423 333 2480 ad
353 2441 401 2481 me
421 2422 508 2481 frater
528 2422 691 2500 pertulisset
709 2433 738 2481 et
759 2440 827 2480 cum
847 2432 945 2480 tamen
959 2422 1047 2481 Pom·

96 2523 183 2599 rpeius
201 2521 240 2580 ad
262 2539 311 2579 me
335 2539 403 2579 cum
423 2521 567 2580 mandatis
587 2521 746 2579 Vibullium
767 2522 900 2593 misisset,
921 2531 953 2580 ut
973 2523 1047 2580 inte-

100 2638 186 2697 grum
196 2619 267 2677 mihi
278 2618 315 2677 de
326 2636 413 2677 causa
422 2617 576 2695 Campana
588 2618 625 2677 ad
634 2638 719 2677 suum
729 2619 852 2678 reditum
862 2637 1046 2689 reservarem,

101 2719 205 2794 collegi
226 2719 288 2794 ipse
308 2736 357 2776 me
377 2726 405 2775 et
426 2719 577 2795 cumipse
596 2719 680 2793 quasi
701 2736 733 2776 re
752 2718 868 2794 publica
886 2718 1047 2778 collocutus

102 2836 176 2890 sum,
191 2826 223 2875 ut
241 2816 311 2874 mihi
330 2826 390 2874 tarn
408 2816 499 2874 multa
519 2834 572 2892 pro
594 2835 626 2874 se
640 2834 780 2892 perpesso
794 2827 880 2893 atque
893 2817 1047 2893 perfuncto

102 2915 286 2985 concederet,
309 2924 345 2972 ut
375 2915 504 2973 officium
533 2932 633 2972 meum
658 2913 879 2992 memoremque
910 2916 941 2974 in
970 2917 1047 2973 bene

101 3015 221 3072 meritos
242 3014 372 3071 animum
396 3014 544 3088 fidemque
564 3012 658 3071 fratris
679 3013 737 3071 mei
760 3023 945 3090 praestarem,
966 3032 1047 3072 eum·

102 3132 169 3190 que,
184 3130 273 3188 quem
289 3113 401 3170 bonum
416 3113 507 3170 civem
522 3130 636 3188 semper
655 3111 810 3183 habuisset,
824 3114 936 3171 bonum
955 3113 1048 3170 virum

103 3229 168 3270 esse
183 3219 335 3286 pateretur.
377 3209 414 3267 In
432 3209 601 3268 illisautem
620 3211 693 3269 meis
708 3211 869 3269 actionibus
883 3210 1047 3274 sententiise

103 3327 161 3385 que
196 3309 342 3379 omnibus,
373 3310 449 3384 quae
479 3307 652 3385 Pompeium
687 3309 856 3366 videbantur
889 3307 1046 3379 offendere,

104 3417 251 3467 certorum
271 3405 434 3479 hominum,
449 3424 524 3484 quos
544 3407 603 3464 iam
625 3407 713 3466 debes
735 3406 882 3483 suspicari,
897 3423 1047 3466 sermones
