2356 3810
113 224 159 292 sp.
176 209 231 297 ze]
333 221 447 278 aaron
469 221 804 277 infamulantur.
832 229 860 274 1.
1010 222 1050 292 57

113 381 218 440 ceteris
231 382 262 440 in
275 382 360 441 rebus
375 400 405 441 se
419 382 589 441 acerrimum
600 382 641 439 tui
652 381 833 440 defensorem
845 381 905 439 iore
917 380 1051 438 ostendit

114 479 208 551 Quod
228 480 287 551 dat,
306 480 481 555 accipimus:
502 480 583 559 quod
603 480 722 542 instituit
739 479 843 544 referre
861 478 897 536 de
915 477 1052 553 religione
1102 515 1104 519 -

115 583 146 632 et
166 591 253 649 saepe
275 574 332 631 iam
353 572 452 644 retulit,
474 573 512 630 ab
533 589 569 630 eo
591 571 694 630 deduci
715 589 776 668 opp
790 578 900 647 potest.
943 591 969 646 3.
992 570 1052 651 Res
1114 598 1117 605 ·

115 676 185 726 ante
198 667 268 725 idus
285 676 352 725 acta
374 667 415 725 sic
429 676 473 724 est
483 684 603 737 3—nam
620 665 694 724 haec
708 667 809 724 Idibus
829 683 914 723 mane
934 665 1052 739 scripsi:
1092 656 1097 665 '

115 764 312 823 —Hortensii
332 774 362 823 et
385 782 451 822 mea
472 773 501 822 et
522 763 633 821 Luculli
661 763 802 822 sententia
827 763 902 821 cedit
923 763 1052 837 religioni

117 863 155 929 de
174 863 430 925 exercitu-teneri
450 862 528 925 enim
549 880 595 923 res
613 861 692 921 aliter
711 879 770 919 non
791 871 936 937 potest--,
951 861 1002 918 sed
1017 879 1054 918 ex

117 961 168 1019 illo
186 971 304 1023 senatus
323 959 465 1030 consulto,
490 959 570 1035 quod
590 969 618 1019 te
639 959 779 1020 referente
798 958 907 1016 facturn
928 968 980 1027 est,
1002 958 1053 1017 tibi
1147 971 1152 978 '

118 1058 254 1127 decernit,
274 1067 307 1116 ut
324 1075 425 1133 regem
441 1057 571 1127 reducas
585 1056 666 1132 quod
684 1057 842 1118 commodo
864 1056 904 1114 rei
921 1056 1054 1131 publicae
1076 1111 1080 1118 ,

118 1156 214 1218 facere
241 1156 352 1231 possis;
366 1155 412 1239 lut
432 1157 590 1218 exercitum
616 1157 716 1232 religio
740 1157 829 1228 tollat,
852 1166 882 1215 te
906 1167 1053 1215 auctorem

119 1264 236 1317 senatus
269 1248 414 1327 retineat>
449 1253 571 1316 crassus
601 1264 659 1313 tres
688 1254 799 1330 legatos
833 1255 969 1326 decernit,
998 1273 1053 1322 nee

118 1352 246 1412 excludit
263 1351 435 1427 Pompeium
446 1370 461 1423 ;,
476 1361 575 1412 censet
591 1353 669 1413 enim
688 1353 776 1410 etiarn
795 1370 831 1411 ex
852 1353 894 1424 iis,
914 1355 963 1429 qui
986 1371 1054 1411 cum
1126 1406 1129 1411 .

119 1451 241 1527 imperio
255 1450 329 1521 sint;
351 1447 471 1510 Bibulus
485 1458 542 1510 tres
556 1449 676 1525 legatos,
690 1469 727 1508 ex
741 1451 784 1521 iis,
799 1451 849 1526 qui
862 1452 964 1526 privati
978 1449 1053 1509 sunt.

120 1549 200 1610 Huic
227 1547 425 1607 adsentiuntur
446 1547 547 1627 reliqui
567 1547 733 1608 consulares
754 1559 867 1625 praeter
895 1549 1054 1618 Servilium,

119 1647 170 1724 qui
197 1646 317 1705 omnino
345 1637 449 1706 reduci
465 1655 560 1720 negat
588 1657 728 1721 oportere,
749 1656 778 1704 et
801 1645 974 1718 Volcatium,
996 1648 1054 1722 qui,

120 1746 207 1822 Lupo
224 1743 372 1821 referente,
392 1742 532 1818 Pompeio
549 1743 683 1814 decernit,
704 1754 733 1802 et
754 1744 913 1815 Afranium,
935 1745 984 1821 qui
1005 1744 1055 1802 ad·

119 1842 241 1906 sentitur
255 1841 397 1901 Volcatio.
439 1839 523 1911 Quae
544 1860 590 1902 res
611 1851 697 1916 auget
717 1843 904 1916 suspitionem
924 1841 1055 1918 Pompeii

119 1939 282 2012 voluntatis,
300 1938 579 2002 animadvertebatur
598 1938 731 2014 Pompeii
748 1939 899 2013 familiares
919 1941 1055 1999 adsentiri

118 2037 262 2100 Volcatio.
315 2036 475 2098 Laboratur
508 2036 710 2108 vehementer;
745 2027 886 2108 inclinata
903 2032 959 2096 'res
994 2049 1054 2098 est:

119 2136 241 2199 Libonis
260 2143 289 2193 et
307 2132 437 2208 Hypsaei
451 2151 511 2195 non
525 2135 650 2196 obscura
668 2135 850 2193 concursatio
865 2143 894 2192 et
908 2137 1055 2194 contentio

119 2234 309 2306 omniumque
328 2231 459 2307 Pompeii
477 2231 656 2290 familiarium
676 2231 801 2296 studium
818 2233 927 2289 ineam
941 2233 1056 2308 opinio·
1158 2300 1164 2305 ,

119 2349 189 2388 nem
209 2348 270 2388 rem
290 2328 478 2398 adduxeruut,
499 2339 531 2391 ut
551 2328 707 2403 Pompeius
723 2347 828 2404 cupere
846 2329 988 2402 videatur3
1010 2332 1057 2389 cui

120 2429 170 2506 qui
187 2427 296 2496 nolunt,
311 2427 388 2487 idem
401 2427 461 2496 tibi,
479 2427 560 2502 quod
578 2445 645 2486 eum
663 2429 780 2497 ornasti,
799 2445 860 2486 non
877 2438 943 2486 sunt
964 2430 1056 2488 amici.

120 2547 149 2597 4.
181 2525 245 2585 Nos
272 2526 303 2583 in
330 2542 418 2583 causa
444 2525 642 2586 auctoritatem
669 2543 705 2582 eo
733 2527 875 2583 minorem
905 2525 1056 2597 habemus,

121 2623 201 2698 quod
228 2623 278 2681 tibi
303 2621 460 2694 debemus;
485 2623 607 2698 gratiam
628 2632 724 2681 autern
745 2635 873 2681 nostram
901 2624 1058 2699 exstinguit

120 2720 273 2778 hominum
301 2719 430 2794 suspitio,
458 2720 539 2794 quod
559 2719 700 2795 Pompeio
722 2739 753 2779 se
773 2721 925 2796 gratificari
946 2734 1057 2796 putant.

121 2817 163 2874 Ut
176 2819 206 2874 in
220 2819 306 2879 rebus
325 2818 415 2876 multo
435 2827 510 2888 ante,
525 2835 613 2892 quarn
629 2818 776 2893 profectus
789 2837 829 2889 es,
849 2821 886 2877 ab
905 2820 969 2894 ipso
990 2839 1058 2896 rege

121 2927 152 2974 et
179 2917 216 2975 ab
244 2915 352 2973 intimis
380 2933 414 2975 ac
442 2904 609 2976 domesticis
633 2915 764 2991 Pompeii
785 2917 859 2975 clam
881 2919 1059 2987 exulceratis,

122 3012 227 3071 deinde
252 3012 347 3088 palam
368 3031 386 3071 a
406 3013 604 3075 consularibus
631 3015 782 3090 exagitatis
811 3025 839 3072 et
862 3016 892 3072 in
914 3033 1059 3073 summam
1114 3051 1116 3056 -

121 3110 258 3172 invidiam
278 3109 416 3180 adductis,
438 3111 477 3168 ita
495 3129 651 3171 versamur.
693 3111 830 3170 Nostram
845 3112 933 3169 fidem
947 3130 1059 3183 omnes,
1116 3124 1122 3160 ἵ
1172 3136 1174 3153 ¹

122 3226 252 3268 amorem
267 3209 307 3267 tui
322 3208 445 3270 absentis
465 3202 631 3285 praesentes
650 3210 691 3267 tui
710 3220 897 3286 cognoscent.
940 3209 969 3267 si
983 3220 1060 3268 esset
1162 3275 1172 3292 „

121 3307 152 3363 in
176 3305 210 3362 iis
235 3305 313 3378 fides,
339 3307 369 3365 in
394 3307 498 3384 quibus
520 3323 634 3368 summa
657 3323 719 3366 esse
741 3307 874 3377 debebat,
896 3323 957 3363 non
977 3305 1058 3365 labo·
1116 3307 1119 3311 ’

121 3419 257 3463 raremus.
