2348 3788
120 185 180 266 248
313 202 332 232 1
391 198 429 247 M.
456 198 573 246 rvrrrr
594 197 783 245 orcanorvrs
945 183 1012 266 [Pars
1025 197 1050 242 v.

310 412 382 468 123,
415 407 472 464 nr)
494 406 741 465 alirumnas
763 406 814 463 xr.
835 366 866 479 v5.

193 513 257 573 Scir.
280 513 388 573 Rouaa
411 531 501 572 urimo
523 532 615 571 unusrr
636 513 790 572 Dacrumu
810 531 894 570 nuc.
920 526 987 586 710.

252 639 283 678 u.
304 639 406 679 cronno
427 638 449 678 s.
464 639 491 678 n.
507 639 534 678 n.
556 637 652 678 anuro
672 637 730 676 mr.
751 636 809 677 cos.
831 636 926 676 oasm.
956 661 959 667 .

120 764 134 791 υ
160 761 185 799 1.
206 740 302 799 Lupus
324 739 468 799 familiaris
489 751 588 799 noster
612 760 679 799 curn
702 752 764 798 ate
785 742 911 798 venisset
933 758 1055 815 cumque

117 839 231 897 Romae
260 840 403 913 quosdam
432 840 493 897 dies
521 847 755 906 commoraretur,
781 856 838 913 ego
863 856 944 895 eram
970 839 1000 894 in
1025 840 1055 893 iis

116 938 195 1006 lociS,
218 937 247 993 in
276 939 381 1011 quibus
409 938 535 994 maxime
564 949 625 995 tuto
653 956 701 994 me
726 955 789 994 esse
813 937 990 1007 arbitrabar3
1024 954 1056 993 eo

115 1034 223 1092 sactum
250 1045 352 1092 estut
379 1035 417 1093 ad
444 1045 472 1092 te
501 1034 600 1109 Lupus
628 1036 690 1092 sine
717 1035 789 1092 meis
816 1034 917 1092 litteris
946 1035 1055 1103 rediret,

116 1151 183 1191 cum
207 1142 304 1190 tamen
328 1143 461 1203 curasset,
483 1142 546 1190 tuas
567 1132 604 1190 ad
624 1151 672 1189 me
693 1130 884 1214 perferendas.
929 1131 1056 1189 Romam

116 1242 212 1287 autem
241 1231 305 1288 veni
333 1249 357 1288 a.
383 1231 412 1290 d.
437 1250 462 1287 v.
491 1230 561 1288 Idus
588 1231 669 1301 Dec,
698 1249 752 1288 nec
780 1228 867 1286 habui
899 1231 1057 1304 quicquam

27 1390 48 1402 „
116 1329 268 1403 antiquius,
288 1347 376 1403 quarn
397 1328 429 1386 ut
449 1328 575 1386 Pansam
597 1329 693 1386 statim
714 1329 899 1385 convenirem
909 1347 918 1400 ;
940 1346 978 1385 ex
1001 1346 1057 1403 quo

116 1446 151 1482 ea
170 1427 205 1484 de
225 1438 252 1484 te
272 1428 404 1502 cognovi,
424 1445 498 1501 quae
517 1426 643 1483 maxime
661 1427 807 1502 optabam.
850 1423 920 1496 Qua
939 1445 971 1484 re
993 1426 1057 1483 hor-

115 1525 223 1581 tatione
251 1534 283 1582 tu
307 1525 423 1600 quidem
451 1542 512 1581 non
536 1543 613 1599 eges,
636 1525 659 1581 si
687 1543 723 1582 ne
748 1525 780 1599 ‘in
804 1523 852 1580 illa
875 1525 998 1598 quidem
1019 1545 1056 1595 re,

117 1640 191 1696 quae
213 1640 231 1678 a
252 1632 280 1679 te
301 1633 389 1696 gesta
403 1632 446 1678 est
467 1630 534 1696 post
554 1621 706 1679 hominum
727 1623 897 1694 memoriam
920 1624 1057 1692 maxima,

115 1720 292 1776 hortatorem
321 1719 494 1778 desiderasti.
540 1740 565 1777 2.
587 1720 661 1777 Illud
689 1730 787 1777 tamen
815 1720 938 1777 breviter
971 1721 1057 1796 signi-

115 1817 262 1874 ficandum
301 1817 435 1889 videtur,
455 1818 595 1894 populum
631 1817 799 1875 Romanum
835 1818 937 1875 omnia
975 1838 995 1876 a
1032 1832 1057 1876 te

116 1925 283 1991 exspectare
305 1926 391 1993 atque
412 1916 442 1972 in
465 1925 493 1973 te
514 1915 669 1990 aliquando
690 1915 893 1990 reciperandae
919 1917 1057 1974 libertatis

116 2031 236 2070 ornnem
265 2031 347 2088 spem
375 2031 492 2088 ponere.
541 2014 597 2084 Tu,
627 2014 650 2070 si
678 2012 739 2071 dies
766 1997 927 2087 noctesque
955 2017 1057 2073 memi-

116 2111 200 2181 neris,
221 2111 301 2186 quod
321 2121 349 2168 te
370 2111 464 2168 iacere
486 2121 563 2169 certo
586 2111 655 2181 scin,
675 2120 813 2185 quantam
838 2129 900 2168 rem
913 2116 1057 2187 gesseris,

116 2221 177 2260 non
197 2204 364 2262 obliviscere
384 2203 524 2279 profecto,
538 2213 662 2278 quantae
681 2203 731 2260 tibi
751 2204 836 2260 etiam
854 2223 935 2262 nunc
953 2225 1058 2280 geren-

116 2302 170 2358 dae
206 2302 277 2359 sint:
314 2301 338 2359 si
373 2302 451 2358 enim
482 2302 535 2358 iste
568 2301 747 2376 provinciam
777 2311 880 2359 nactus
914 2305 976 2374 erit,
1013 2307 1057 2363 cui

115 2399 233 2472 quidem
261 2417 317 2473 ego
346 2417 460 2474 semper
488 2398 597 2455 amicus
625 2397 665 2454 sui
691 2407 766 2468 ante,
793 2417 882 2475 quam
907 2401 990 2459 illum
1015 2405 1058 2460 in-

115 2496 209 2552 tellexi
237 2515 298 2554 non
326 2497 416 2553 modo
445 2505 551 2572 aperte,
580 2495 631 2552 sed
660 2496 746 2552 etiam
777 2496 898 2554 libenter
926 2517 996 2558 cum
1028 2521 1058 2559 re

114 2593 231 2670 publica
264 2594 371 2650 bellurn
406 2612 513 2668 gerere,
542 2611 625 2668 spem
657 2593 797 2668 reliquam
830 2595 940 2652 nullam
972 2599 1059 2656 video

115 2690 220 2751 salutis
273 2711 299 2765 3.
332 2689 429 2762 Quam
450 2692 490 2748 ob
510 2709 572 2748 rem
593 2699 620 2748 te
641 2691 764 2748 obsecro
785 2691 889 2748 iisdem
910 2696 1059 2768 precibus

115 2788 218 2864 quibus
244 2799 360 2846 senatus
383 2789 567 2864 populusque
590 2787 751 2858 Romanus,
773 2798 804 2845 ut
828 2789 860 2864 in
883 2804 1060 2865 perpetuum

115 2885 341 2960 rempublicam
363 2886 513 2942 dominatu
533 2886 613 2960 regio
635 2885 746 2954 liberes,
760 2896 792 2942 ut
813 2886 963 2961 principiis
987 2910 1060 2948 con·

116 2984 239 3042 sentiant
262 2983 362 3040 exitus.
404 2983 502 3040 Tuum
528 2993 571 3040 est
594 2982 651 3039 hoc
675 3001 790 3053 munus
814 2993 878 3040 tuae
902 2996 1020 3061 partes,·
1044 3008 1061 3046 a

116 3095 144 3141 te
165 3081 221 3138 hoc
246 3082 342 3138 civitas
364 3080 408 3136 vel
430 3097 534 3137 omnes
556 3080 652 3154 potius
674 3090 776 3153 gentes
800 3099 860 3136 non
884 3097 1061 3157 exspectant

117 3181 220 3251 solum,
249 3179 300 3237 sed
330 3178 415 3235 etiarn
446 3177 609 3252 postulant:
642 3194 826 3252 quamquam,
857 3197 925 3235 cum
959 3180 1060 3240 horta-

38 3336 40 3340 ,
116 3280 195 3336 tione
219 3295 280 3335 non
300 3293 395 3351 egeas,
415 3284 445 3331 ut
466 3291 552 3348 supra
573 3273 681 3348 scripsi,
702 3291 763 3330 non
784 3286 847 3331 utar
868 3294 903 3332 ea
924 3277 1059 3350 pluribus

96 3395 97 3398 ¹
117 3376 227 3447 verbis;
249 3375 352 3433 faciam
373 3371 449 3438 illud,
465 3371 542 3430 ouod
564 3387 660 3426 *neum
683 3381 734 3426 est.
749 3380 781 3426 ut
803 3371 852 3428 *ibi
872 3375 973 3431 omnia
991 3395 1060 3435 mea
