2348 3788
58 223 254 305 Ep.119‚120.]
279 235 392 286 uersu.
414 235 464 282 AD
485 222 777 302 rnurrrnnm'frr.
799 241 831 303 4
940 236 1002 308 243

58 411 129 469 spes
143 401 187 451 est
201 392 231 449 in
250 410 305 450 eo:
327 392 397 449 nihil
415 402 468 463 est,
483 393 564 468 quod
585 408 647 450 non
668 386 845 452 existimetur
864 392 955 452 laudis
973 403 1002 450 et

57 492 168 566 gloriae
184 509 272 550 causa
286 490 420 549 facturus.
455 491 602 549 Antonius
617 501 722 562 autern,
734 501 832 549 noster
846 491 1000 562 familiarIS,

58 599 141 648 tanto
164 607 195 647 se
215 590 285 647 odi0
307 607 371 647 esse
392 589 538 664 intellegit,
559 599 600 661 ut,
622 605 689 647 cum
714 590 910 650 interfectores
933 607 1001 650 suos

58 688 141 745 domi
156 687 404 762 conprehenderit,
419 704 481 745 rem
496 687 624 763 proferre
638 701 700 746 non
714 689 827 748 audeat.
869 689 904 748 A.
911 691 943 750 d.
952 709 1001 748 vrr.

58 781 103 840 Id.
130 781 196 840 Oct„
220 780 406 838 Brundisium
433 791 494 838 erat
520 780 667 856 profectus
695 783 811 840 obviam
837 783 1001 860 legionibus
1096 864 1097 867 Ἴ

58 878 259 936 Macedonicis
274 888 416 952 quattuor,
430 894 504 953 quas
519 878 573 935 sibi
585 879 741 936 eoncihare
755 881 879 954 pecunia
893 883 1001 958 cogita-

57 979 109 1034 bat
129 993 238 1051 easque
258 976 296 1033 ad
319 976 421 1033 urbem
446 975 589 1033 adducere
614 975 694 1033 etin
718 965 875 1036 cervicibus
896 980 1001 1037 nostris

56 1075 219 1133 conlocare.
261 1091 287 1147 3.
309 1072 412 1130 Habes
433 1072 557 1132 sormam
578 1072 618 1130 rei
640 1073 781 1148 publicae,
803 1075 827 1132 si
848 1075 878 1133 ln
900 1079 1001 1134 castrIs

56 1182 155 1250 potest
169 1190 233 1229 esse
246 1189 293 1230 res
310 1171 441 1245 publica;
463 1171 567 1246 inquo
587 1179 667 1227 tuam
686 1171 778 1228 vicem
798 1190 886 1248 saepe
905 1175 1000 1245 dolen,

56 1270 140 1346 quod
161 1269 271 1326 nullam
298 1278 409 1345 partem
437 1286 488 1342 per
516 1276 641 1325 aetatem
668 1285 755 1338 sanae
783 1279 811 1327 et
839 1271 933 1329 salvae
961 1274 1002 1331 rei

55 1368 191 1445 publicae
204 1355 319 1443 gustare
334 1366 460 1442 potuisti.
502 1366 599 1441 Atque
614 1364 735 1422 antehac
750 1367 868 1442 quidem
886 1387 1001 1444 sperare

57 1467 161 1526 saltem
175 1465 279 1522 licebat
287 1484 295 1536 ;
317 1483 395 1522 nunc
410 1465 496 1522 etiam
510 1463 540 1520 id
552 1473 686 1544 ereptum
700 1473 760 1522 est:
775 1483 850 1538 quae
865 1469 942 1525 enim
957 1481 1001 1528 est

56 1584 134 1642 spes,
150 1582 216 1622 cum
235 1564 265 1619 in
284 1563 421 1620 contione
438 1562 533 1619 dicere
552 1579 639 1620 ausus
658 1563 695 1620 sit
715 1563 861 1622 Antonius
884 1563 1000 1624 Cannu-

55 1665 130 1722 tium
146 1661 224 1737 apud
238 1678 290 1718 eos
304 1659 402 1718 locum
421 1660 475 1718 sibi
491 1676 635 1735 quaerere,
651 1661 756 1735 quibus
774 1679 804 1719 se
822 1661 901 1720 salvo
919 1663 1000 1722 locus

56 1764 88 1820 in
114 1761 226 1818 civitate
245 1777 319 1816 ,esse
346 1773 406 1815 non
434 1759 551 1832 posset?
593 1776 620 1828 4.
642 1757 788 1834 Equidem
816 1771 845 1818 et
872 1759 944 1819 haec
973 1775 1001 1820 et

57 1859 166 1929 omnia,
182 1871 255 1934 quae
276 1856 387 1914 homini
408 1856 540 1913 accidere
560 1867 692 1930 possunt,
708 1856 749 1913 sic
771 1854 841 1927 fero,
856 1868 887 1914 ut
908 1859 1000 1934 philo·

57 1956 179 2032 sophiae
194 1971 332 2030 magnam
346 1953 469 2011 habeam
483 1953 614 2027 gratiam,
630 1953 705 2028 quae
719 1971 767 2010 me
781 1972 842 2012 non
857 1956 947 2014 modo
963 1959 999 2014 ab

58 2055 250 2115 sollicitudine
278 2052 403 2117 abducit,
429 2051 480 2110 sed
504 2052 590 2127 etiarn
615 2060 716 2108 contra
740 2069 843 2110 omnes
868 2052 1000 2112 fortunae

57 2155 185 2228 impetus
200 2160 299 2220 armat,
315 2150 423 2224 tibique
437 2148 515 2208 idem
529 2163 636 2206 censeo
651 2147 815 2206 faciendum
830 2169 894 2220 nec,
908 2170 925 2208 a
940 2171 999 2227 quo

56 2251 143 2327 culpa
160 2250 242 2320 absit,
257 2249 414 2324 quIcquam
432 2248 462 2304 in
484 2247 567 2305 malis
586 2246 806 2306 numerandum.
850 2247 907 2306 Sed
927 2249 999 2309 haec

56 2358 89 2407 tu
102 2347 214 2406 melius.
255 2335 422 2404 Tratorium
441 2354 573 2403 nostrum
594 2360 661 2402 cum
683 2363 798 2420 semper
818 2348 999 2420 probassem,

57 2458 119 2505 tum
133 2446 258 2504 maxime
272 2445 302 2502 in
316 2445 372 2502 tuis
385 2445 471 2501 rebus
485 2458 630 2501 summam
645 2443 705 2501 eius
720 2443 808 2500 fidem
822 2443 999 2520 diligentiam

57 2544 296 2620 prudentiamque
325 2541 457 2617 cognovi.
499 2538 546 2598 Da
578 2555 706 2616 operam,
734 2548 766 2599 ut
793 2541 905 2617 valeas;
941 2542 999 2604 hoc

12 2664 15 2669 ·
56 2642 126 2703 mihi
140 2642 248 2718 gratius
262 2639 356 2697 lacere
370 2639 439 2696 nihil
453 2647 544 2714 potes

248 2801 314 2856 120.
355 2795 412 2853 AD
433 2794 683 2853 FAMILIARES
705 2795 757 2854 XI.
780 2813 808 2868 4.

83 2912 151 2974 Sca.
165 2929 196 2972 ru
217 2912 335 2971 Garum
355 2929 512 2971 erramonn
532 2928 667 2970 nxnuurn
688 2925 782 2970 nausa
804 2911 963 2972 Novarum

446 3024 528 3068 nuc.
546 3022 613 3082 710.

184 3134 213 3176 D.
229 3132 340 3174 BRUTUS
354 3133 412 3173 IMP.
427 3133 485 3174 COS·
501 3133 590 3174 DESIG.
606 3134 627 3174 S.
643 3133 670 3174 D.
686 3133 716 3174 Μ.
731 3131 873 3176 CICERONI.

100 3250 125 3291 1.
151 3229 184 3289 Sr
204 3229 240 3288 de
261 3242 310 3288 tua
331 3231 360 3286 in
381 3248 428 3287 me
449 3229 594 3287 voluntate
616 3228 783 3301 dubitarem,
804 3230 900 3290 multis
925 3249 943 3290 a
966 3241 995 3292 te

57 3331 150 3387 verbIs
170 3339 307 3405 peterem,
321 3338 352 3384 ut
369 3328 537 3402 dIgnitatem
556 3345 652 3384 meam
666 3338 784 3400 tuerere,
799 3328 850 3386 sed
865 3329 994 3404 prolecto

57 3438 101 3487 est
114 3427 162 3498 ita,
178 3437 209 3484 ut
222 3424 292 3482 mihi
311 3425 447 3501 persuasi,
464 3441 511 3481 me
531 3426 582 3482 tibi
601 3440 664 3484 esse
685 3443 778 3486 curae.
820 3425 993 3504 Progressus

499 3539 549 3582 aa
