2348 3788
59 189 259 274 rp.13a,139.]
280 201 393 254 sarar.
408 203 457 251 au
471 203 740 253 remunerer.
762 209 809 255 11.
940 189 1000 273 267

58 354 83 411 si
104 370 152 410 me
173 352 314 429 intellegis
335 353 445 412 nullum
466 373 561 429 neque
580 353 740 431 periculum
759 372 854 430 neque
872 351 1003 413 laborem

58 451 168 526 patriae
197 451 367 526 denegasse,
396 452 421 509 si
449 463 550 510 contra
577 452 840 528 importunissimos
874 451 1002 509 latrones

59 566 142 605 arma
155 548 220 624 cepi
239 559 267 606 te
281 548 412 605 hortante
431 560 460 607 et
481 559 607 619 auctore,
623 550 648 606 si
668 566 729 606 non
749 548 843 606 solum
861 549 1003 607 exercitus

60 646 175 704 adrem
195 645 341 721 publicam
362 646 579 722 libertatemque
595 647 809 706 defendendam
828 649 1002 720 comparavi,

60 744 214 801 sedetiam
229 742 432 802 crudelissimis
447 747 574 820 tyrannis
588 745 688 821 eripui,
703 761 778 820 quos
793 744 816 802 si
831 755 1004 818 occupasset

62 840 223 910 Dolabella,
251 858 312 898 non
341 841 436 899 solum
464 842 598 912 adventu,
621 842 783 901 sedetiam
808 841 946 916 opinione
974 850 1003 899 et

61 939 278 1014 exspectatione
301 941 442 998 exercitus
470 942 515 999 sui
538 941 700 998 Antonium
725 933 934 998 confirmasset.
977 959 1003 1014 3.

63 1036 147 1108 Quas
168 1036 207 1093 ob
228 1054 274 1094 res
296 1038 399 1096 milites
417 1048 505 1109 tuere,
519 1038 543 1096 si
564 1042 616 1096 cos
637 1037 755 1094 mirifice
777 1037 814 1094 de
835 1054 866 1093 re
887 1036 1005 1111 publica

62 1135 180 1192 meritos
191 1152 255 1192 esse
267 1135 477 1205 animadvertis
490 1145 519 1193 et
531 1136 621 1206 effice,
633 1154 670 1193 ne
685 1151 773 1208 quem
784 1133 929 1210 paeniteat
942 1151 1005 1191 rem

61 1231 207 1304 publicam
217 1249 306 1307 quam
321 1251 403 1307 spem
418 1232 542 1308 praedae
554 1241 583 1290 et
596 1231 761 1308 rapinarum
771 1230 852 1305 sequi
860 1229 1003 1288 maluisse.

62 1327 137 1386 Item
159 1328 254 1387 Murci
275 1339 303 1388 et
324 1328 420 1406 Crispi
440 1331 648 1406 imperatorum
670 1328 849 1403 dignitatem,
864 1335 1005 1401 quantum

62 1435 106 1484 est
119 1426 150 1484 in
164 1437 202 1498 te,
215 1435 311 1486 tuere:
333 1445 402 1484 nam
416 1428 524 1486 Bassus
544 1429 648 1486 misere
667 1427 759 1484 noluit
773 1425 844 1483 mihi
858 1425 1005 1499 legionem

62 1523 192 1596 tradere3
220 1524 375 1598 quodnisi
396 1525 500 1582 milites
521 1525 610 1582 invito
636 1543 672 1582 eo
694 1524 805 1598 legatos
826 1522 864 1581 ad
884 1539 932 1578 me
952 1520 1005 1578 mi·

62 1625 175 1690 sissent,
191 1622 317 1680 clausam
338 1622 501 1697 Apameam
523 1623 671 1692 tenuisset,
688 1621 788 1697 quoad
808 1620 835 1677 vi
857 1628 933 1678 esset
954 1637 1005 1677 ex·

63 1729 200 1797 pugnata
241 1718 327 1796 Haec
348 1729 410 1777 ate
431 1729 501 1794 peto
520 1737 582 1776 non
604 1718 700 1777 solum
717 1718 757 1774 rei
772 1717 914 1794 publicae,
930 1734 1006 1791 quae

62 1818 113 1876 tibi
142 1834 257 1892 semper
284 1816 336 1874 luit
363 1817 518 1888 carissima,
541 1816 594 1874 sed
615 1817 703 1873 etiam
725 1815 867 1873 amicitiae
888 1826 1006 1872 nostrae

62 1913 191 1984 nomine,
203 1932 290 1990 quam
305 1914 423 1972 confido
434 1914 513 1990 apud
521 1924 549 1972 te
564 1914 718 1989 plurimum
733 1930 830 1987 posse.
867 1930 893 1983 4.
910 1911 1005 1970 Crede
1075 1921 1078 1927 '

63 2011 133 2069 mihi
154 2012 232 2070 hunc
254 2012 420 2083 exercitum,
435 2031 523 2088 quem
544 2012 647 2082 habeo,
663 2022 780 2068 senatus
798 2019 884 2086 atque
902 2011 1005 2085 optimi

63 2111 203 2184 cuiusque
223 2128 286 2167 esse
307 2110 491 2184 maximeque
512 2121 602 2177 tuum,
618 2109 654 2166 de
669 2109 750 2166 cuius
770 2108 916 2165 voluntate
929 2107 1005 2164 adsi-

64 2209 120 2264 due
141 2207 285 2264 audiendo
306 2207 425 2264 mirifice
447 2217 474 2265 te
497 2207 588 2282 diligit
609 2223 766 2280 carumque
788 2205 892 2262 habet:
914 2205 1007 2279 quisi

63 2304 232 2362 intellexerit
247 2303 405 2362 commoda
425 2323 477 2362 sua
491 2322 576 2363 curae
596 2304 646 2362 tibi
666 2321 740 2373 esse,
755 2303 860 2360 debere
875 2301 961 2359 etiam
976 2320 1008 2361 se

64 2403 115 2460 tibi
129 2403 227 2459 omnia
241 2401 361 2477 putabit.

106 2514 134 2573 5.
155 2498 271 2557 Litteris
286 2500 397 2574 scriptis
409 2497 503 2556 audivi
514 2498 697 2557 Dolabellam
712 2499 742 2556 in
752 2497 883 2556 Ciliciam
896 2499 1009 2556 venisse

65 2617 133 2657 cum
155 2597 213 2654 suis
234 2596 342 2672 copiis:
363 2597 530 2672 proficiscar
550 2598 580 2654 in
601 2596 740 2655 Ciliciam.
783 2594 873 2666 Quod
891 2597 1008 2671 egerim,

64 2696 194 2755 celeriter
208 2705 238 2752 nt
253 2695 336 2762 scias,
352 2695 428 2752 dabo
448 2712 568 2770 operam
577 2713 585 2766 ;
608 2713 642 2752 ac
656 2695 749 2764 velim,
765 2703 795 2750 ut
814 2711 958 2752 meremur
972 2695 1009 2751 de

64 2813 96 2852 re
121 2793 244 2868 publica,
268 2792 310 2849 sic
335 2791 432 2849 felices
454 2792 551 2851 simus.
592 2792 651 2850 Fac
672 2791 767 2849 valeas
792 2809 898 2867 meque
921 2809 1009 2852 ames,

64 2891 162 2950 Nonis
178 2889 264 2947 Maiis
280 2908 316 2947 ex
331 2889 440 2948 castris.

259 3007 324 3060 139.
366 3002 423 3060 AD
443 3001 695 3061 FAMILIARES
716 3002 753 3062 X.
779 3022 823 3062 11.

125 3100 191 3161 Ser.
212 3119 243 3159 ui
264 3101 491 3159 Amonnooruus
512 3120 550 3158 vr.
573 3101 642 3159 Inus
664 3100 762 3159 Miris
782 3118 865 3160 nuc.
888 3114 955 3176 711.

398 3216 524 3256 ereneus
544 3217 685 3257 cremori.

112 3316 137 3355 1.
159 3297 351 3356 Inuourarrs
372 3313 428 3371 ago
449 3296 499 3352 tibi
520 3297 626 3370 gratias
648 3313 791 3370 agamque
811 3295 881 3353 dum
896 3296 1007 3369 vivam3

66 3412 138 3455 nam
159 3394 314 3453 relaturum
337 3411 385 3451 me
406 3392 557 3451 adfirmare
579 3410 640 3450 non
661 3395 798 3468 possum:
824 3393 909 3452 tantis
930 3394 1008 3454 enim
