2356 3810
81 232 126 296 sp
141 216 199 302 m]
302 230 420 279 arrsr.
439 228 491 277 au
510 228 674 278 arricum
698 225 746 280 va·
766 233 796 281 a.
966 232 1023 280 ιιι

80 380 187 438 tabulis
200 378 323 438 credidi:
342 381 368 439 is
380 381 477 439 inultis
491 381 658 440 nominibus
668 381 700 438 in
709 379 921 457 Trophoniana
932 380 1028 440 Chae·

80 479 161 536 ronis
182 479 345 536 narratione
366 478 499 538 Graecos
520 481 550 537 in
572 499 609 538 eo
632 479 823 556 reprehendit,
847 478 927 555 quod
947 496 1027 535 mare

81 586 195 633 tantum
223 577 313 634 secuti
341 587 416 648 sunt,
439 596 494 636 nec
519 577 610 636 ullum
639 578 670 634 in
697 577 902 652 Peloponneso
929 575 1027 634 locum

82 674 196 748 excipit
239 673 316 731 Cum
329 674 399 731 mihi
419 687 520 734 auctor
533 675 807 752 placeret—etenim
821 685 882 732 erat
896 674 1027 745 impud-

81 795 158 828 τααας
174 781 204 829 et
216 773 324 829 vixerat
338 773 368 828 in
381 772 636 848 Peloponneso-,
651 772 813 830 admirabar
825 782 924 829 tamen
937 781 967 829 et
979 771 1026 828 vix

84 869 244 927 adcredens
269 873 484 929 communicavi·
501 889 569 930 curo
590 871 735 947 Dionysio
742 891 751 944 ;
776 881 863 946 atque
887 870 912 928 is
932 869 1027 946 primo

84 977 129 1024 est
156 978 330 1036 commotus,
358 967 472 1040 deinde,
502 968 582 1044 quod
610 969 647 1027 de
675 969 730 1026 isto
758 967 938 1026 Dicaearcho
965 985 1027 1024 non

84 1064 181 1120 minus
200 1066 276 1121 bene
295 1065 487 1123 existumabat
505 1085 594 1142 quarn
613 1077 644 1124 tu
659 1066 695 1124 de
710 1064 743 1124 C.
759 1064 904 1137 Vestorio,
919 1082 976 1140 ego
991 1065 1029 1123 de

85 1162 128 1218 M.
143 1161 254 1234 Cluvio,
269 1181 331 1220 non
346 1163 496 1222 dubitabat
514 1166 585 1240 quin
603 1165 630 1222 ei
649 1163 851 1223 crederemus:
885 1162 1027 1220 Arcadiae

85 1262 224 1317 censebat
251 1279 316 1318 esse
344 1260 480 1336 Lepreon
515 1261 665 1338 quoddam
692 1261 884 1333 maritimum3
925 1259 1028 1318 Tenea

85 1371 183 1416 autem
197 1369 226 1415 et
240 1359 378 1434 Aliphera
395 1370 423 1417 et
440 1358 534 1417 Tritia
553 1365 686 1415 νεόκαιατα
703 1359 729 1416 ei
747 1357 926 1429 videbantur,
940 1358 1028 1433 idque

85 1465 123 1533 τῷ
149 1464 200 1512 τῶν
226 1464 288 1513 νεῶν
315 1461 448 1533 καταλόγῳ
475 1458 673 1528 confirmabat,
697 1456 747 1515 ubi
775 1456 884 1515 mentio
912 1473 973 1515 non
997 1456 1029 1514 fit

85 1560 215 1614 istorum.
267 1554 369 1631 ltaque
401 1555 489 1612 istum
519 1573 576 1630 ego
608 1555 706 1613 locum
736 1554 858 1613 totidem
888 1554 983 1612 verbis
1012 1572 1030 1611 a

85 1654 266 1712 Dicaearcho
290 1652 428 1722 transtuli.
471 1652 613 1711 Phliasios
634 1663 731 1709 autern
759 1651 816 1709 dici
843 1651 980 1722 sciebam,
1001 1662 1030 1710 et

85 1752 184 1809 italae
198 1763 229 1808 ut
244 1752 368 1822 habeas,
390 1769 449 1808 nos,
464 1751 583 1826 quidem
604 1749 646 1808 sic
665 1748 813 1807 habemus.
857 1747 915 1807 Sed
934 1751 1029 1825 primo

85 1868 133 1906 me
154 1851 275 1923 ἀναλογία
296 1850 455 1924 deceperat,
470 1854 571 1914 Φλιοῦς,
585 1848 687 1925 Ὀποῦς,
707 1853 806 1918 Statoris,
821 1847 901 1922 quod
921 1848 1030 1904 Ὀπούν-

84 1972 141 2018 τιοι,
165 1947 316 2005 aerumma.
359 1946 417 2005 Sed
438 1945 499 2004 hoc·
517 1946 655 2004 continuo
675 1945 862 2003 correximus.
905 1963 933 2017 4.
955 1944 1029 2004 Lae-

85 2047 137 2102 tari
159 2055 187 2102 te
207 2055 308 2102 nostra·
326 2045 525 2102 moderatione
547 2054 576 2102 et
597 2043 775 2102 continentia
795 2043 897 2101 video:
919 2053 980 2101 tum
1000 2043 1030 2101 id

85 2144 179 2218 magis
200 2142 318 2214 faceres,
334 2143 358 2200 si
379 2143 505 2201 adesses.
547 2142 645 2218 Atque
666 2141 723 2200 hoc
745 2140 818 2211 foro,
833 2142 912 2216 quod
926 2141 973 2216 egi
992 2158 1029 2199 ex

85 2244 185 2301 Idibus
216 2241 378 2298 Februariis
407 2240 571 2298 Laodiceae
604 2241 643 2298 ad
675 2239 742 2296 Kal.
772 2238 867 2297 Maias
899 2239 1029 2298 omniurn

86 2340 263 2399 dioecesium
278 2349 392 2414 praeter
404 2337 532 2408 Ciliciae,
548 2337 688 2395 mirabilia
702 2336 845 2413 quaedam
860 2337 1027 2396 effecimus:

85 2443 125 2500 ita
152 2437 259 2494 multae
288 2437 415 2494 civitates
442 2436 523 2493 omni
548 2453 614 2495 aere
637 2436 732 2494 alieno
755 2436 899 2507 liberatae,
921 2436 1028 2494 multae

85 2539 168 2596 valde
190 2535 300 2592 levatae
322 2544 404 2605 sunt,
426 2551 530 2591 omnes
552 2535 612 2592 suis
632 2533 744 2609 legibus
765 2544 794 2592 et
816 2535 928 2593 iudiciis
949 2552 1027 2604 usae,

84 2633 234 2705 αὐτονομίαν
248 2633 378 2706 adeptae,
393 2632 564 2689 revixerunt.
607 2631 663 2690 His
678 2650 734 2708 ego
749 2633 863 2690 duobus
876 2632 1033 2708 generibus

86 2734 251 2792 facultatem
266 2731 303 2787 ad
319 2747 350 2786 se
364 2748 429 2787 aere
445 2729 539 2788 alieno
553 2729 717 2788 liberandas
733 2740 781 2788 aut
795 2730 932 2788 levandas
947 2731 1030 2788 dedi:

86 2849 155 2900 un0,
171 2829 247 2904 quod
262 2828 382 2885 omnino
404 2828 498 2886 nullus
518 2829 548 2885 in
566 2828 687 2902 imperio
706 2845 774 2886 meo
792 2838 924 2904 sumptus
938 2828 1033 2886 factus

87 2928 280 2988 est-nullum
306 2943 373 2984 cum
402 2926 477 2997 dico,
501 2945 562 2984 non
586 2925 691 3002 loquor
712 2926 1031 2999 &repetebatis-nullus

85 3029 213 3102 inquam,
228 3043 265 3082 ne
287 3025 433 3083 teruncius
447 3025 574 3099 quidem.
616 3023 684 3083 Hac
699 3035 795 3083 autern
813 3041 844 3082 re
865 3025 1032 3083 incredibile

86 3135 130 3183 est
163 3135 301 3199 quantum
334 3123 461 3181 civitates
496 3124 674 3182 emerserint.
717 3137 744 3197 5.
766 3123 899 3182 Accessit
932 3123 1029 3181 altera.

86 3222 163 3280 Mira
177 3232 258 3279 erant
278 3222 308 3278 in
322 3221 482 3279 civitatibus
500 3221 635 3298 -ipsorurn
655 3221 730 3279 furta
751 3219 941 3292 Graecorum,
955 3238 1031 3296 quae

86 3321 270 3394 magistratus
292 3320 335 3377 sui
356 3319 500 3378 fecerant:
522 3321 649 3396 quaesivi
671 3320 736 3396 ipse
755 3319 791 3377 de
813 3320 854 3387 iis,
877 3320 927 3394 qui
947 3319 1030 3377 annis

87 3422 189 3479 decem
200 3419 339 3495 proximis
354 3419 553 3494 magistratum
564 3433 733 3497 gesseram
750 3429 848 3496 aperte
859 3417 1027 3478 fatebannu.
