2356 3810
91 224 208 308 opst]
312 236 425 287 rrrsr.
448 236 498 284 nr>
518 236 684 286 Arrrcmr
705 238 742 287 ra·
760 241 809 289 21.
969 243 1031 306 103

89 386 266 445 nuntiantes.
307 385 400 444 Axius
422 396 521 445 noster
541 387 580 445 ait
602 398 715 446 nostras
736 387 911 447 auctoritatis
932 389 1033 465 plenas

91 484 188 554 fuisse,
211 484 264 542 illis
290 493 377 558 negat
402 484 550 543 creditum.
592 485 686 544 Bibuli
710 487 841 545 nondum
864 498 945 544 erant
966 488 1033 544 alla-

87 593 147 651 tae,
163 599 235 656 quas
252 591 331 639 certo
351 581 412 639 scio
432 581 532 656 plenas
552 584 663 642 timoris
677 584 746 642 sore.
791 603 817 659 3.
838 582 883 641 Ex
899 586 932 642 iis
948 587 1035 642 rebus

88 680 149 738 hoc
177 697 284 749 vereor,
307 697 352 749 ne,
376 696 443 736 cum
472 679 630 755 Pompeius
658 691 775 758 propter
802 693 912 740 metum
940 699 1035 740 rerurn
1069 731 1071 737 .

90 794 234 835 novarum
262 794 405 852 nusquam
433 776 598 848 dimittatur,
625 778 746 837 Caesari
773 781 867 840 nullus
895 780 991 838 honos
1018 796 1036 836 a

89 885 196 933 senatu
223 874 369 944 habeatur,
392 875 462 931 dum
483 874 530 932 hic
550 877 647 935 nodus
671 877 848 953 expediatur,
870 896 931 935 non
956 886 1037 952 putet

88 984 211 1031 senatus
232 990 296 1042 nos,
312 982 470 1047 antequam
492 991 659 1032 successum
679 976 723 1043 sit,
741 986 874 1050 oportere
896 975 1036 1033 decedere

90 1089 149 1128 nec
173 1071 203 1127 in
228 1080 308 1128 tauto
333 1080 415 1128 motu
439 1089 535 1128 rerum
560 1073 645 1130 tantis
668 1073 823 1147 provinciis
847 1073 976 1147 singulos
998 1073 1036 1130 le
1061 1113 1063 1117 ψ

88 1179 179 1244 gatos
206 1187 349 1243 praeesse.
399 1166 467 1238 Hic,
491 1187 531 1226 ne
557 1169 628 1244 quid
655 1169 725 1226 mihi
752 1180 931 1245 prorogetur,
957 1171 1036 1246 quod

88 1284 133 1324 ne
151 1267 325 1324 intercessor
342 1265 462 1340 quidem
480 1267 622 1324 sustinere
643 1267 745 1342 possit,
765 1267 878 1338 horreo,
896 1278 981 1344 atque
1001 1286 1037 1327 eo

92 1364 197 1437 magis
219 1363 299 1438 quod
320 1371 351 1420 tu
372 1363 451 1431 abes,
473 1363 523 1438 qui
543 1362 676 1433 consilio,
696 1364 796 1438 gratia,
822 1365 917 1422 studio
941 1366 1038 1422 multis

92 1462 182 1518 rebus
207 1477 382 1518 occurreres,
426 1455 511 1541 [Sed]
538 1461 616 1519 dices
641 1479 688 1518 me
717 1462 907 1537 ipsum'mihi
935 1463 1038 1520 sollici·

95 1560 227 1618 tudinem
255 1568 380 1615 struere:
410 1576 510 1633 cogor,
535 1569 565 1616 et
587 1559 672 1616 velim
696 1560 735 1617 ita
759 1560 803 1617 sit
854 1559 912 1618 Sed
940 1562 1040 1618 omnia

93 1668 204 1715 metuo.
243 1654 308 1713 Etsi
331 1654 436 1713 bellum
460 1656 651 1729 demittitur
667 1658 756 1714 habet
775 1658 822 1714 illa
839 1667 889 1715 tua
910 1658 1037 1733 epistola,

95 1773 186 1831 quam
201 1753 303 1812 dedisti
323 1771 468 1811 nauseans
487 1753 647 1813 Buthroto:
669 1755 745 1825 ‘tibi,
761 1765 792 1812 ut
805 1755 889 1813 video
903 1764 932 1812 et
944 1774 1040 1830 spero,

93 1854 176 1913 nulla
195 1852 234 1910 ad
254 1851 456 1909 decedendum
476 1852 575 1909 moral
618 1851 739 1910 Mallem
760 1857 807 1911 ‘ut
827 1853 941 1925 video;’
971 1853 1041 1910 nihil

93 1970 173 2027 opus
194 1948 248 2008 fuit
270 1955 317 2006 ‘ut
338 1948 442 2025 spero?
484 1968 511 2020 4.
534 1950 715 2024 Acceperam
734 1961 833 2008 autem
855 1951 923 2008 satis
944 1951 1040 2008 celeri-

94 2060 140 2108 ter
168 2047 261 2106 lconii
288 2063 341 2122 per
368 2046 588 2123 publicanorum
615 2048 780 2107 tabellarios
808 2066 826 2105 a
851 2047 967 2106 Lentuli
994 2049 1042 2104 tri-

97 2145 209 2222 umpho
228 2144 319 2203 datas.
360 2144 395 2200 ln
411 2143 456 2202 bis
472 2145 644 2218 γλυκύπικρον
659 2145 729 2203 illud
746 2145 911 2215 confirmas,
927 2162 1042 2201 moram

97 2244 168 2303 mihi
189 2242 298 2299 nullam
317 2241 388 2311 iore,
409 2241 513 2298 deinde
534 2242 625 2311 addis,
642 2241 667 2298 si
688 2243 758 2317 quid
779 2260 870 2313 secus,
887 2251 916 2299 te
937 2242 974 2299 ad
994 2258 1042 2298 me

96 2362 162 2403 esse
185 2350 346 2399 venturum.
388 2339 509 2413 Angunt
526 2357 573 2396 me
593 2340 785 2397 dubitationes
804 2350 886 2409 tuae;
912 2339 1044 2396 simulet

98 2442 188 2510 vides,
217 2455 289 2512 quas
317 2438 478 2511 acceperim
506 2437 621 2496 litteras.
674 2437 752 2495 Nam
783 2455 856 2513 quas
889 2436 1043 2504 Hermoni,

97 2536 276 2598 centurionis
304 2533 446 2604 Canuleii,
474 2535 537 2610 ipse
572 2536 671 2594 scribis
699 2545 727 2592 te
756 2535 878 2605 dedisse,
906 2552 966 2591 non
996 2552 1044 2592 ac·

99 2637 173 2712 cepi.
216 2633 316 2691 Laenii
335 2633 432 2707 pueris
452 2641 480 2690 te
501 2633 616 2692 dedisse
635 2652 724 2709 saepe
745 2633 782 2690 ad
803 2650 851 2690 me
871 2634 1044 2707 scripseras:

100 2754 151 2794 eas
176 2733 340 2791 Laodiceae
364 2731 500 2806 denique,
524 2749 593 2788 cum
620 2749 657 2789 eo
685 2732 837 2802 venissem,
862 2731 946 2788 tertio
975 2730 1045 2788 Idus

102 2833 238 2893 Februar.
273 2828 399 2886 Laenius
433 2828 504 2886 mihi
535 2828 667 2898 reddidit,
696 2829 778 2888 datas
811 2848 836 2887 a
864 2829 891 2886 d.
919 2847 946 2885 x„
978 2827 1044 2884 Kal.

100 2931 255 2991 Octobres.
290 2926 401 2984 Laenio
429 2935 493 2984 tuas
519 2926 788 2985 commendationes
816 2935 845 2984 et
869 2927 964 2984 statim
985 2944 1046 2983 ver·

101 3029 146 3086 bis
168 3038 196 3084 et
217 3025 327 3099 reliquo
349 3034 479 3099 tempore
499 3025 692 3099 reprobabo.
736 3038 762 3097 5.
782 3024 844 3082 Eae
867 3024 974 3081 litterae
1000 3041 1047 3080 ce·

102 3138 163 3184 tera
191 3133 287 3180 vetera
314 3121 468 3191 habebant,
496 3139 587 3179 unum
614 3120 672 3179 hoc
702 3140 820 3191 novum,
846 3120 882 3179 de
906 3120 1048 3196 Cibyratis

102 3222 260 3300 pantheris.
302 3218 428 3276 Multum
445 3229 473 3276 te
492 3236 567 3289 amo,
582 3219 663 3294 quod
679 3220 852 3294 respondisti
870 3217 912 3275 M.
928 3216 1049 3276 Octavio

102 3333 131 3379 te
146 3338 207 3377 non
227 3327 344 3395 putare;
367 3317 418 3375 sed
437 3317 558 3392 posthac
572 3318 680 3386 omnia,
695 3335 770 3392 quae
788 3327 866 3375 certa
883 3325 1050 3384 nonerunt,

103 3437 158 3495 pro
174 3429 251 3475 certo
268 3425 384 3490 negato.
428 3414 493 3472 Nos
510 3415 588 3472 enim
605 3424 634 3472 et
649 3426 750 3472 nostra
767 3425 870 3490 sponte
888 3414 961 3470 bene
976 3413 1052 3470 firmi
