2348 3788
118 203 158 268 62
287 255 290 259 .
390 217 428 268 M.
455 218 572 267 rursm
594 219 779 268 arcanorum
935 206 1008 290 [ears
1023 220 1056 270 11.

116 372 327 451 gratissimique
361 385 390 433 et
423 374 478 451 ipsi
517 384 546 433 et
580 375 716 434 omnibus
751 375 921 456 videremur,
955 373 1056 449 itaque

116 471 263 531 faciemus.
306 473 364 531 seu
391 473 468 531 uem
496 473 602 531 uenus
629 474 716 532 index
743 452 890 531 edueati
910 473 1056 548 adligatos

117 568 171 628 Cn.
186 570 341 628 Lentulum
351 569 467 629 Vatiam
480 579 508 629 et
523 569 555 630 C.
568 571 753 630 Cornelium:
768 571 855 639 †ista
867 571 902 629 ei.
937 570 1056 629 Eodem

116 669 163 727 die
184 679 300 726 senatus
321 669 486 727 consultum
506 669 684 753 factumest,
705 680 736 728 ut
756 669 920 728 sodalitates
941 669 1056 728 decuri-

116 767 211 841 atique
240 766 427 838 discederent,
455 767 559 844 lexque
583 767 620 825 de
646 769 679 826 iis
707 767 832 837 ferretur,
860 776 900 838 ut,
922 767 972 842 qui
993 785 1056 825 non

116 864 324 936 discessissent,
355 883 391 922 ea
417 883 522 941 poena,
556 883 629 941 quae
664 875 708 924 est
741 866 778 923 de
808 865 844 934 vi,
879 875 1055 923 tenerentur.

117 965 143 1020 6.
165 963 200 1020 Α.
217 964 243 1021 d.
259 930 300 1022 dr.
320 963 390 1021 Idus
411 963 493 1022 Febr.
516 964 574 1022 dixi
595 982 649 1039 pro
669 962 766 1021 Bestia
786 963 823 1020 de
844 962 954 1020 ambitu
974 963 1056 1038 apud

116 1071 278 1136 praetorem
300 1060 354 1143 Cn.
376 1061 537 1119 Domitium
560 1062 591 1119 in
617 1060 681 1119 foro
704 1061 810 1131 medio,
831 1061 961 1118 maximo
983 1079 1056 1118 con·

115 1169 210 1229 ventu,
231 1136 376 1235 idcididue
395 1159 425 1215 in
446 1177 514 1216 eum
534 1159 630 1216 locum
651 1159 681 1215 in
701 1157 834 1228 dicendo,
853 1176 921 1215 cum
943 1156 1055 1215 Sestius

115 1256 212 1314 multis
240 1257 270 1313 in
297 1256 406 1332 templo
427 1255 556 1314 Castoris
577 1248 741 1337 volneribus
768 1238 904 1331 acceptis*
922 1256 1055 1322 subsidio

112 1354 230 1437 Bestia?
249 1364 383 1412 <servatus
411 1363 494 1435 esset.
550 1353 609 1412 Hic
628 1302 1102 1436 Ι’’ᾦτβοῳιεόιιρμηῖνίίρην’ἢῒέῖιίἰὲῐάἷῖιῖλ

1 1434 18 1459 ⁸
116 1447 235 1526 εὐκὶιῄοώὲ
250 1450 292 1510 'de
312 1453 354 1522 iis,
384 1452 510 1527 quaein
533 1449 657 1509 Sestium
684 1450 896 1526 adparabantur
922 1451 1053 1522 crimina,

117 1560 145 1607 et
173 1568 240 1608 eum
261 1550 360 1607 ornavi
380 1550 453 1606 veris
474 1549 614 1619 laudibus,
635 1566 744 1624 magno
765 1548 891 1606 adsensu
912 1549 1055 1608 omnium.

118 1646 179 1705 Res
201 1647 310 1705 homini
331 1646 382 1705 fuit
401 1647 584 1705 vehementer
604 1657 704 1723 grata:
725 1665 800 1722 quae
820 1647 871 1704 tibi
892 1664 928 1704 eo
948 1649 1055 1713 scribo,

117 1745 197 1820 quod
211 1764 258 1803 me
272 1746 309 1803 de
322 1765 352 1803 re
366 1746 372 1758 '
395 1745 471 1803 enda
485 1744 568 1803 Sestii
587 1746 677 1819 gratia
693 1744 792 1802 litteris
806 1763 892 1820 saepe
906 1746 1054 1803 monuisti.

159 1857 184 1916 7.
206 1843 299 1901 Pridie
321 1843 356 1901 Id
376 1834 494 1902 s‘Febr.
515 1843 586 1901 haec
607 1843 708 1918 scripsi
728 1854 795 1900 ante
814 1842 928 1916 lucem;
949 1861 986 1901 eo
1008 1843 1055 1900 die

117 1942 195 2018 apud
206 1942 401 2016 Pomponium
415 1942 445 1998 in
459 1941 520 1998 eius
534 1942 639 2016 nuptiis
654 1959 733 1998 eram
747 1951 907 1998 cenaturus.
949 1939 1056 1999 Cetera

118 2049 185 2097 sunt
198 2041 227 2097 in
241 2041 326 2096 rebus
341 2039 445 2097 nostris
464 2038 547 2096 huius
564 2038 652 2108 modi,
669 2045 703 2094 ut
712 2049 744 2095 tu
757 2037 827 2095 mihi
840 2037 900 2095 sere
914 2037 1056 2096 diffidenti

117 2138 312 2212 praedicabas,
328 2136 414 2213 plena
427 2135 572 2212 dignitatis
586 2146 615 2193 et
628 2136 752 2210 gratiae;
774 2154 849 2211 quae
862 2135 982 2210 quidem
995 2145 1055 2207 tua,

117 2237 157 2292 mi
178 2235 271 2305 frater,
292 2236 436 2310 patientia,
457 2235 566 2305 virtute,
586 2235 700 2309 pietate,
722 2235 859 2291 suavitate
879 2234 975 2304 etiam,
1003 2235 1057 2291 tibi

118 2333 245 2407 mihique
274 2343 339 2390 sunt
366 2334 502 2390 restituta.
543 2331 658 2390 Domus
678 2332 729 2388 tibi
752 2332 790 2390 ad
816 2330 915 2390 lucum
939 2331 1056 2389 Pisonis

117 2420 278 2486 Luciniana
299 2430 442 2487 conducta
459 2440 518 2501 est;
539 2429 599 2499 sed,
620 2439 651 2486 ut
672 2447 766 2503 spero,
785 2429 885 2504 paucis
905 2431 1056 2486 mensibus

117 2536 184 2601 post
198 2527 236 2584 K.
248 2526 390 2596 Quintiles
405 2527 435 2583 in
448 2537 528 2584 tuam
541 2527 753 2600 commigrabis.
788 2526 886 2583 Tuam
899 2526 929 2583 in
941 2525 1055 2584 Carinis

116 2624 217 2682 mundi
235 2623 409 2681 habitatores
423 2623 540 2681 Lamiae
560 2624 769 2681 conduxerunt
810 2623 838 2680 A
852 2635 881 2682 te
894 2634 963 2699 post
976 2624 1056 2682 illam

117 2722 287 2780 Olbiensem
308 2720 459 2796 epistolam
487 2721 579 2778 nullas
602 2721 708 2779 litteras
732 2722 840 2796 accepi.
882 2720 963 2792 Quid
983 2741 1055 2797 agas

117 2830 145 2877 et
159 2829 191 2876 ut
204 2829 233 2876 te
247 2818 382 2888 oblectes,
397 2819 468 2877 scire
487 2819 573 2894 cupio
591 2820 775 2894 maximeque
793 2829 822 2876 te
842 2819 939 2894 ipsum
957 2821 1056 2879 videre

117 2935 205 2992 quam
218 2917 351 2990 primum.
394 2916 479 2986 Cura,
493 2917 533 2973 mi
554 2915 646 2986 irater,
660 2926 692 2973 ut
710 2916 804 2973 valeas
823 2926 860 2985 et,
875 2935 1056 2993 quamquam

117 3025 160 3072 est
180 3014 280 3084 hiems,
299 3024 396 3071 tamen
418 3013 578 3072 Sardiniam
599 3013 683 3071 istam
703 3031 768 3071 esse
788 3015 908 3089 cogites.
949 3034 998 3074 xv.
1015 3014 1056 3075 K.

116 3112 243 3170 Martias
