2356 3810
59 222 107 284 ap.
125 207 178 290 η]
248 222 361 272 sarar.
383 221 433 270 au
453 223 674 272 rauranum
695 226 770 275 rrr.
794 229 823 277 a.
960 229 1001 293 47

60 386 140 435 certe
155 377 193 436 ad
207 379 325 437 exitium
341 381 579 456 praecipitantem
600 382 774 451 retinuisses,
789 383 860 440 istos
880 381 1002 448 labores,

60 492 139 549 quos
152 494 231 534 nunc
245 478 275 533 in
289 477 445 553 naufragiis
459 479 565 536 nostris
580 480 712 555 suscipis,
723 498 784 536 non
800 481 936 537 subisses.
976 483 1003 536 8.

61 571 132 641 Qua
145 591 176 630 re
190 573 235 631 fac
250 583 280 630 ut
301 575 401 632 omnia
421 575 458 632 ad
479 595 526 633 me
547 586 701 652 perspecta
721 585 750 634 et
771 577 919 651 explorata
940 595 1004 651 per-

61 670 180 741 scribas,
196 689 310 745 meque,
324 683 356 729 ut
373 672 453 744 facis,
468 674 537 731 velis
558 692 622 732 esse
644 673 777 751 aliquem,
792 675 940 750 quonlam,
955 675 1004 750 qui

61 765 103 823 fui
124 778 153 824 et
176 768 225 843 qui
249 786 314 826 esse
338 771 428 844 potui,
454 765 512 828 ia‘m
534 789 680 838 essenon
702 790 831 847 possum,
853 783 881 830 et
904 782 936 829 ut
959 771 1004 828 his

61 865 162 922 litteris
175 883 236 922 non
250 875 287 937 te,
303 867 355 925 sed
369 886 415 926 me
430 869 526 943 ipsum
540 888 557 926 a
571 888 618 927 me
638 887 701 928 esse
722 880 890 928 accusatum
911 879 1002 944 putes

62 962 94 1020 Si
109 963 159 1038 qui
173 974 264 1034 erunt,
280 965 385 1040 quibus
399 977 483 1040 putes
504 985 579 1042 opus
600 984 663 1025 esse
682 984 750 1023 mco
765 966 883 1023 nomine
898 965 1004 1022 litteras

61 1061 134 1132 dari,
149 1061 234 1119 velim
248 1064 415 1123 conscribas
435 1083 575 1140 curesque
594 1064 715 1123 dandas.
756 1063 833 1122 Data
851 1083 920 1123 xnu.
936 1064 1002 1122 Kal.

62 1157 145 1234 Sept.
594 1172 598 1181 '
875 1161 892 1179 ‘¹
911 1156 979 1193 “⁴⁴¹⁰

406 1230 447 1273 (lu
494 1255 496 1263 ν
540 1234 592 1259 't'
783 1228 815 1268 μ
934 1216 1118 1296 «·,.(’3“ί[,ι’

250 1308 295 1360 17.
338 1304 394 1362 AD
415 1304 666 1363 FAMILIARES
688 1305 772 1362 XIV.
796 1324 821 1363 a.

113 1407 180 1466 Scn.
204 1409 445 1468 Tnnssauomcan
465 1429 522 1468 an.
543 1388 584 1468 in.
601 1410 677 1470 Non.
700 1410 771 1472 Ocr.
787 1429 870 1470 auc.
888 1413 955 1484 696.

61 1532 455 1574 runn1uss.u.rmnnr1m
475 1535 514 1574 nr
535 1535 702 1576 nummum
722 1535 761 1574 nr
781 1535 914 1575 c1cnnos1
935 1535 1004 1575 surs.

108 1647 133 1685 1.
155 1627 235 1687 Nom
256 1640 357 1704 putare
376 1649 424 1688 me
444 1631 481 1688 ad
501 1648 679 1706 quemquam
700 1631 847 1706 longiores
868 1631 1005 1705 epistolas

62 1727 198 1796 scribere,
209 1728 264 1785 nisi
279 1728 303 1784 si
318 1729 382 1802 quis
397 1728 434 1785 ad
448 1747 495 1786 me
510 1729 592 1803 plura
607 1728 728 1802 scripsit,
740 1728 786 1785 cui
800 1739 872 1802 puto
886 1730 1004 1786 rescribi

62 1834 200 1897 oportere
207 1842 216 1892 ;
240 1843 295 1882 nec
316 1826 394 1881 enim
414 1825 509 1882 habeo
524 1824 604 1902 quod
624 1825 756 1894 scribam,
778 1843 834 1883 nec
854 1824 911 1882 hoc
932 1836 1004 1882 tem-

62 1938 136 1995 pore
152 1907 307 1998 quicquam
322 1923 463 1981 difficilius
476 1921 560 1983 facin.
592 1922 641 1980 Ad
655 1932 682 1979 te
697 1940 765 1980 vero
780 1933 809 1980 et
824 1923 862 1980 ad
876 1932 1004 1979 nostram

63 2018 223 2075 Tulliolam
237 2036 297 2076 non
318 2037 395 2095 queo
417 2021 479 2078 sine
500 2020 630 2095 plurimis
644 2020 768 2078 lacrimis
788 2019 912 2076 scribere
923 2039 930 2091 ;
952 2037 1004 2075 vos

62 2117 144 2172 enim
158 2116 242 2174 video
256 2134 320 2174 esse
334 2118 516 2188 miserrimas,
532 2136 604 2192 quas
623 2135 680 2191 ego
695 2117 875 2173 beatissimas
890 2134 1005 2190 semper

63 2232 129 2271 esse
157 2215 235 2272 volui
262 2216 349 2290 idque
376 2226 521 2290 praestare
552 2216 647 2286 debui,
676 2225 713 2285 et,
742 2215 797 2272 nisi
824 2225 884 2272 tam
912 2216 1004 2272 timidi

63 2312 228 2381 fuissemus,
256 2313 470 2386 praestitissem.
524 2332 551 2370 a.
574 2310 712 2370 Pisonem
739 2322 870 2370 nostrum
901 2313 1004 2370 merito

64 2411 126 2467 eius
142 2426 209 2466 amo
222 2409 395 2484 plurimum:
417 2429 493 2479 eum,
507 2419 539 2467 ut
553 2411 643 2484 potui,
653 2427 705 2483 per
719 2409 826 2467 litteras
841 2410 1005 2468 cohortatus

64 2525 131 2565 sum
145 2506 309 2581 gratiasque
323 2508 378 2582 egi,
393 2517 425 2564 ut
439 2508 534 2565 debui.
576 2507 612 2564 In
626 2506 708 2564 novis
726 2507 848 2564 tribunis
870 2507 908 2583 pl.
922 2508 1005 2564 intel-

63 2602 132 2676 lego
148 2619 230 2675 spem
244 2611 272 2659 te
286 2601 410 2660 habere:
432 2603 463 2661 id
477 2605 529 2661 erit
550 2604 673 2674 firmum,
689 2605 713 2662 si
727 2604 859 2678 Pompeii
874 2605 1005 2662 voluntas

64 2701 126 2769 erit,
149 2698 201 2756 sed
225 2697 364 2756 Crassum
388 2710 487 2758 tamen
512 2710 620 2759 metuo.
661 2703 689 2758 A
713 2711 741 2759 te
767 2703 885 2776 quidem
908 2703 1006 2758 omnia

63 2797 137 2854 fieri
155 2797 311 2856 fortissime
338 2808 367 2855 et
394 2800 591 2857 amantissime
619 2799 712 2872 video,
741 2818 796 2857 nec
829 2801 926 2870 miror,
955 2803 1007 2858 sed

63 2913 184 2953 maereo
209 2913 309 2953 casum
334 2896 395 2953 eius
419 2896 508 2966 modi,
530 2906 562 2954 ut
582 2897 668 2954 tantis
692 2897 748 2955 tuis
775 2897 898 2955 miseriis
925 2917 1007 2956 meae

63 2992 198 3050 miseriae
227 2992 430 3070 subleventur:
459 3011 529 3050 nam
557 2994 595 3050 ad
619 3013 667 3052 me
695 2993 726 3051 P.
749 2994 890 3075 Valerius
918 2995 1013 3055 homo'

64 3090 223 3160 officiosus
244 3091 363 3165 scripsit,
384 3091 413 3148 id
433 3092 514 3167 quod
535 3111 592 3167 ego
613 3080 825 3176 maximo‘cum
847 3094 917 3152 fletu
941 3095 1007 3169 legi,

63 3187 213 3264 quemad
237 3189 358 3245 modum
381 3189 519 3247 aVestae
544 3189 582 3248 ad
606 3191 734 3248 tabulam
752 3191 898 3269 Valeriam
922 3194 1008 3250 ducta

63 3303 154 3344 esses.
197 3284 285 3355 Hem,
307 3303 373 3342 mea
393 3286 450 3357 lux,
472 3305 571 3344 meum
600 3289 781 3359 desiderium,
803 3290 880 3346 unde
904 3307 1007 3348 omnes

64 3401 155 3461 opem
188 3394 286 3459 petere
321 3384 469 3444 solebant!
512 3394 540 3443 te
575 3404 661 3458 nunc,
690 3404 756 3443 mea
784 3387 930 3458 Terentia,
966 3388 1007 3447 sic
