2348 3788
114 222 157 285 up.
176 232 232 284 141,
245 201 314 292 142.]
338 186 450 268 urrsr.
464 215 514 264 An
528 215 750 266 rummiens
765 217 796 267 rr.
816 221 864 288 13.
945 240 948 244 -
996 219 1055 286 271

113 371 217 447 ltaque
233 352 376 428 continuis
390 369 539 427 itineribus
553 369 591 426 ad
605 368 713 427 Forum
724 368 851 427 Voconii
865 367 931 425 veni
945 376 973 426 et
986 370 1060 430 ultra

112 479 208 527 castra
229 468 266 526 ad
280 467 388 525 flumen
403 468 583 542 Argenteum
604 477 706 524 contra
719 466 903 524 Antonianos
919 464 982 523 feci.
1025 468 1058 544 P.

112 564 268 623 Ventidius
284 582 350 622 suas
365 564 496 640 legiones
511 574 568 622 tres
583 564 733 622 coniunxit
746 581 814 622 cum
831 580 867 621 eo
882 572 910 620 et
924 563 997 621 ultra
1011 583 1059 624 me

112 673 208 721 castra
221 663 318 738 posuit
326 681 334 733 ;
355 661 481 720 habebat
496 672 580 720 antea
593 661 740 737 legionem
754 663 885 737 quintam
904 672 982 719 etex
996 664 1059 720 reli-

113 762 179 836 quis
203 759 366 834 legionibus
390 777 528 835 magnam
550 759 773 830 multitudinem,
796 758 848 817 sed
873 759 1058 820 inermorum.

113 859 284 935 Equitatum
299 857 385 916 habet
399 876 558 934 magnum:
579 877 648 916 nam
663 859 758 916 omnis
773 876 809 916 ex
820 857 934 933 proelio
948 857 1060 933 integer

113 955 254 1024 discessit,
270 955 309 1011 ita
323 965 355 1012 ut
374 955 431 1012 sint
450 957 573 1030 amplius
593 957 722 1043 equiturn
742 955 820 1012 milia
834 956 971 1031 quinque.
1012 956 1060 1014 Ad

113 1072 162 1111 me
184 1053 348 1128 complures
368 1053 472 1111 milites
492 1063 521 1110 et
542 1054 652 1128 equites
673 1055 711 1110 ab
732 1071 768 1110 eo
790 1054 961 1110 transierunt
982 1062 1010 1111 et
1029 1054 1060 1111 in

115 1152 178 1208 dies
193 1150 323 1226 singulos
337 1151 398 1207 eius
414 1151 515 1225 copiae
530 1152 715 1222 minuuntur;
737 1149 852 1208 Silanus
866 1161 895 1208 et
907 1149 1008 1209 Culleo
1023 1153 1060 1210 ab

116 1267 152 1306 eo
168 1248 369 1306 discesserunt.
412 1267 439 1306 2.
461 1247 525 1306 Nos
546 1249 598 1306 etsi
612 1249 736 1323 graviter
754 1249 791 1305 ab
806 1249 839 1306 iis
853 1248 922 1306 laesi
936 1267 1060 1321 eramus,

116 1345 196 1420 quod
225 1354 326 1403 contra
353 1355 483 1404 nostram
505 1345 684 1404 voluntatem
711 1345 749 1402 ad
768 1331 935 1403 ⁸Antonium
959 1346 1060 1420 ierant,

116 1456 214 1501 tamen
235 1453 350 1502 nostrae
364 1443 550 1502 humanitatis
570 1454 599 1501 et
612 1443 833 1501 necessitudinis
850 1461 938 1501 causa
958 1462 1059 1502 eorum

116 1540 215 1597 salutis
235 1541 378 1598 rationem
392 1541 565 1613 habuimus;
587 1559 641 1600 nec
656 1551 754 1599 tamen
775 1559 876 1600 comm
897 1558 985 1618 opera
1004 1543 1059 1600 uti·

116 1657 181 1695 mur
194 1657 290 1713 neque
304 1639 333 1695 in
348 1640 447 1697 castris
461 1640 602 1698 habemus
616 1658 712 1716 neque
726 1639 774 1697 ulli
788 1640 907 1714 negotio
921 1640 1059 1715 praefeci-

116 1754 190 1794 mus.
232 1735 324 1806 Quod
345 1736 382 1792 ad
403 1736 510 1794 bellum
531 1736 586 1794 hoc
608 1738 715 1809 attinet,
733 1755 789 1795 nec
811 1739 921 1796 senatui
943 1741 1059 1797 neerei

116 1833 249 1909 publicae
277 1834 430 1892 deerimus.
472 1833 557 1905 Quae
584 1845 688 1910 postea
715 1836 869 1911 egerimus,
898 1835 1003 1894 faciam
1031 1847 1060 1895 te

116 1941 276 1989 certiorem.

165 2082 168 2086 ’
241 2113 243 2118 ,
277 2067 280 2073 ’
309 2089 375 2144 142.
416 2084 878 2165 Aornunrlnasx.13.

285 2198 350 2260 Son.
373 2199 482 2259 Rounu
503 2220 595 2260 uuusu
617 2202 701 2261 Maro
722 2222 803 2264 nuc.
827 2218 893 2278 711.

474 2325 576 2366 ercurio
597 2326 716 2367 eunuco

161 2437 186 2477 1.
209 2418 259 2478 Ur
278 2418 404 2494 primum
428 2431 556 2495 potestas
580 2422 647 2479 data
671 2432 715 2480 est
739 2422 889 2498 augendae
914 2423 1060 2500 dignitatis

119 2527 192 2586 tuae,
208 2517 277 2575 nihil
291 2518 467 2592 praetermisi
485 2519 514 2575 in
534 2529 561 2576 te
583 2518 725 2590 ornand0,
740 2520 820 2594 quod
835 2522 962 2597 positum
984 2534 1060 2582 esset

119 2625 166 2672 aut
188 2618 217 2673 in
240 2615 369 2690 praemio
394 2615 502 2672 virtutis
525 2625 573 2672 aut
598 2617 627 2674 in
648 2616 761 2675 honore
781 2619 950 2677 verborum:
972 2621 1002 2678 id
1024 2640 1060 2679 ex

118 2714 184 2788 ipso
209 2722 325 2770 senatus
350 2712 484 2770 consulto
506 2714 615 2788 poteris
637 2731 833 2788 cognoscere;
855 2716 894 2773 ita
918 2720 995 2774 enim
1018 2732 1061 2777 est

117 2811 317 2885 perscriptum,
333 2821 364 2866 ut
379 2827 396 2866 a
411 2828 458 2866 me
474 2811 510 2867 de
529 2811 634 2886 scripto
650 2812 726 2868 dicta
745 2814 887 2870 sententia
906 2826 958 2885 est,
973 2834 1060 2891 quam

118 2918 236 2965 senatus
257 2906 393 2981 frequens
422 2919 536 2965 secutus
565 2918 609 2965 est
634 2926 749 2966 summo
775 2910 870 2968 studio
895 2931 1059 2990 magnoque

118 3022 274 3063 consensu.
318 3022 344 3061 2.
365 3003 432 3084 Ego
450 3023 627 3079 quamquam
648 3024 684 3063 ex
703 3007 759 3064 tuis
778 3007 884 3079 litteris
900 3028 972 3083 quas
990 3011 1059 3067 mihi

119 3102 230 3170 misisti,
245 3120 447 3176 perspexeram
463 3113 490 3160 te
511 3104 604 3178 magis
618 3104 723 3163 iudicio
745 3106 890 3164 bonorum
908 3125 994 3182 quam
1016 3111 1060 3166 in-

120 3200 249 3274 signibus
277 3199 385 3274 gloriae
414 3200 558 3271 delectari,
584 3210 680 3259 tamen
709 3204 950 3262 considerandum
975 3207 1060 3265 nobis

120 3298 288 3368 existimavi,
303 3299 414 3356 etiamsi
436 3309 465 3356 tu
487 3299 556 3356 nihil
573 3301 743 3375 postulares,
758 3312 896 3377 quantum
918 3305 969 3361 tibi
990 3323 1008 3362 a
1028 3324 1060 3364 re

120 3394 236 3471 publica
258 3393 416 3455 deberetur.
458 3396 506 3455 Tu
531 3409 668 3458 contexes
693 3410 821 3458 extrema
848 3418 915 3458 cum
939 3403 1058 3478 primis:
