2356 3810
162 42 165 47 .
257 42 276 62 f

170 60 201 97 l'
292 71 330 87 ι.
396 64 430 89 .’

183 112 222 119 1·
266 107 269 110 “
405 107 414 118 ἢ

59 220 227 303 np.13,14]
312 233 425 287 nprsr.
447 234 497 282 nn
518 234 683 283 Arrrcum
702 237 742 287 ιι.
767 241 784 284 2
787 236 817 303 5.
961 236 1003 306 35

57 392 209 450 cebamus.
251 389 414 448 Hominum
442 390 561 466 quidem
587 409 700 449 summa
728 409 798 468 erga
824 409 880 449 nos
908 391 1004 449 studia

57 488 303 564 significabantur,
321 489 373 547 sed
391 506 510 564 prorsus
527 489 602 548 vitae
623 489 735 547 taedet:
756 489 797 546 ita
817 499 883 546 sunt
901 490 1000 547 omnia

25 613 32 637 ι
56 586 194 669 omnium
216 586 395 644 miseriarum
421 587 594 662 plenissima
638 586 732 654 Modo
757 587 877 644 caedem
898 587 1025 671 timueg

56 702 167 754 ramus,
189 701 277 758 quam
298 684 389 742 oratio
413 683 560 741 fortissimi
574 685 661 754 senis,
680 683 718 755 Q.
735 683 875 755 Considii,
889 670 1066 742 discis2“‘⁴s'
1111 724 1114 729 ·
1141 758 1144 763 Δ

57 791 154 854 serat3
189 799 232 851 ea,
261 799 349 856 quam
378 782 506 858 quotidie
541 783 655 857 timere.
673 791 870 857 potueramus,
905 782 1001 840 subito

57 887 161 937 exorta
174 887 226 936 est.
268 878 348 949 Quid
372 879 508 954 quaeris?
529 879 599 937 nihil
620 862 681 938 lne‘
696 860 905 957 zizfortunatius,
927 879 1003 936 nz'lu'l

56 975 232 1034 fortunatius
255 985 300 1033 est
318 974 431 1046 Catulo,
452 994 517 1034 cum
540 976 693 1051 splendore
713 977 796 1048 vitae,
817 978 838 1046 †
858 987 920 1035 tum
943 976 1000 1036 hoc

57 1081 200 1149 tempore.
241 1072 306 1132 Nos
330 1083 428 1131 tamen
455 1074 485 1131 in
512 1072 557 1130 his
580 1073 701 1131 miseriis
724 1084 820 1132 erecto
843 1075 942 1132 animo
971 1084 1000 1131 et
1100 1062 1103 1067 ¹

57 1171 179 1229 minime
208 1172 374 1246 perturbato
403 1188 510 1239 sumus,
543 1169 803 1245 honestissimeque
830 1172 999 1247 dignitatem

57 1278 189 1328 nostram
209 1276 238 1326 et
255 1286 363 1344 magna
377 1286 446 1325 cura
458 1276 577 1325 tuemur.
621 1281 648 1341 5.
670 1267 827 1344 Pompeius
843 1268 879 1326 de
894 1267 999 1328 Clodio

57 1367 139 1425 iubet
160 1383 216 1424 nos
235 1384 299 1424 esse
318 1367 380 1423 sine
400 1384 468 1423 cura
487 1375 517 1423 et
537 1382 681 1424 summam
700 1367 731 1424 in
750 1384 805 1424 nos
826 1366 1000 1424 benevolen-

58 1465 130 1522 tiam
151 1464 233 1521 omni
260 1464 390 1522 oratione
417 1463 568 1539 significat.
609 1462 656 1522 Te
682 1463 789 1522 habere
813 1464 999 1522 consiliorum

59 1571 217 1633 auctorem,
250 1562 472 1621 sollicitudinum
500 1562 621 1631 socium,
652 1562 733 1619 omni
766 1563 796 1619 in
824 1562 1000 1637 cogitatione

58 1660 249 1719 coniunctum
265 1660 370 1736 cupio;
391 1677 510 1737 quare,
526 1670 559 1717 ut
577 1659 731 1717 Numestio
749 1660 883 1717 mandavi
902 1670 1000 1717 tecum

58 1768 90 1815 ut
105 1766 212 1832 ageret,
226 1758 295 1814 item
309 1757 396 1832 atque
407 1748 445 1814 >eo
459 1749 483 1814 si
498 1766 595 1832 potest
612 1758 706 1815 acrius
724 1766 753 1815 te
772 1775 854 1834 rogo,
868 1766 900 1815 ut
913 1757 1000 1833 plane

58 1854 97 1912 ad
118 1871 175 1914 nos
195 1854 331 1914 advoles:
353 1855 503 1930 respuam,
525 1855 549 1912 si
570 1863 599 1912 te
619 1855 728 1912 videro.

288 2043 332 2097 14.
374 2025 431 2082 no
452 2024 646 2083 Anticum
667 2024 706 2083 11.
730 2039 776 2098 25.

207 2129 271 2192 Scrc
295 2130 403 2191 Routn
422 2149 516 2189 unnsn
538 2131 665 2200 Sn'xrm,
685 2149 767 2190 auc.
785 2132 853 2206 695.

383 2256 485 2298 cremo
505 2255 611 2296 nrmco
632 2255 691 2296 sm„

32 2406 37 2414 ,
102 2364 128 2405 1.
151 2343 221 2403 Cum
242 2344 365 2420 aliquem
385 2345 463 2421 apud
483 2353 512 2402 te
532 2343 651 2401 laudaro
671 2352 787 2401 tuorum
808 2343 997 2414 familiarium,

57 2443 157 2504 volam
173 2442 253 2498 illum
273 2444 345 2500 scire
364 2461 400 2500 ex
420 2453 448 2500 te
466 2461 514 2500 me
533 2442 563 2501 id
581 2441 693 2512 fecisse,
707 2451 739 2499 ut
760 2460 853 2518 nuper
874 2461 921 2500 me
943 2443 999 2500 scis

58 2540 209 2615 scripsisse
234 2539 271 2596 ad
292 2548 320 2597 te
342 2539 378 2596 de
398 2539 537 2598 Varronis
558 2558 627 2614 erga
647 2558 695 2597 me
716 2539 821 2608 officia,
843 2550 872 2598 te
893 2540 931 2597 ad
952 2558 999 2596 me

57 2637 240 2712 rescripsisse
255 2655 319 2694 eam
333 2655 395 2694 rem
410 2655 541 2696 summae
554 2638 605 2694 tibi
618 2637 756 2712 voluptati
771 2655 833 2703 esse
845 2656 853 2709 ;
876 2637 927 2695 sed
941 2632 997 2713 ego

57 2733 176 2793 mallem
197 2734 235 2791 ad
256 2734 334 2791 illum
356 2735 520 2809 scripsisses
540 2734 610 2790 mihi
631 2735 711 2791 illum
732 2735 800 2792 satis
819 2732 921 2806 lacere,
937 2753 997 2792 non

57 2850 119 2909 quo
132 2831 247 2902 faceret,
260 2832 312 2889 sed
326 2841 357 2889 ut
371 2831 485 2890 laceret.
527 2832 695 2890 Mirabiliter
709 2832 787 2889 enim
801 2844 930 2890 moratus
945 2844 997 2904 est,

57 2932 133 2988 sicut
146 2930 231 2997 nosti,
256 2933 342 2985 elim&
366 2933 406 2985 καὶ
430 2932 549 2988 οὐδέν-.
595 2929 653 2988 Sed
676 2947 731 2988 nos
756 2941 889 2989 tenemus
917 2950 999 3006 prae-

58 3039 178 3104 ceptum
202 3027 280 3096 illud,
306 3031 350 3085 τὰς
371 3035 422 3083 τῶν
442 3027 606 3101 κρατούντων.
647 3028 687 3086 At
708 3027 822 3086 hercule
844 3029 914 3086 alter
934 3041 1000 3087 tuus

57 3125 215 3195 familiaris
237 3124 386 3196 Hortalus,
409 3144 496 3201 quam
521 3125 608 3202 plena
632 3145 729 3198 manu,
752 3145 840 3202 quam
864 3126 999 3202 ingenue,

57 3241 149 3300 quam
173 3233 274 3281 ornate
302 3234 416 3282 nostras
443 3224 542 3282 laudes
569 3224 600 3281 in
627 3234 704 3282 astra
728 3225 847 3293 sustulit,
871 3241 938 3283 curn
963 3226 999 3282 de

56 3320 155 3380 Flacci
170 3332 303 3396 praetura
318 3331 346 3379 et
361 3323 396 3379 de
411 3322 459 3379 illo
474 3331 604 3396 tempore
619 3322 811 3396 Allobrogum
821 3322 942 3380 diceret!
958 3323 999 3381 sic
1099 3335 1106 3344 “

56 3419 175 3490 habeto,
196 3438 252 3478 nec
272 3421 415 3478 amantius
438 3438 493 3478 nec
516 3420 751 3480 honorificentius
772 3439 827 3480 nec
851 3421 999 3498 copiosius

506 3545 576 3587 D2=
