2356 3810
61 230 175 312 αμα]
239 204 391 292 τηεν.
413 237 464 291 nn
484 220 650 292 naricum
668 243 716 290 rx.
741 242 770 310 7.
938 243 995 308 147

58 411 122 451 non
136 404 255 478 causam
265 388 310 470 [ut
323 392 354 450 in
368 386 488 462 Milone,
502 402 535 449 ut
547 393 577 449 in
598 430 607 451 α
628 437 636 452 .
660 435 667 450 .
690 392 742 451 sed
757 377 821 450 daec
834 387 997 471 hactenus}

60 508 87 560 tt.
111 489 228 548 ‘Causa
241 490 326 572 igitur
340 507 401 548 non
415 491 494 547 bona
507 489 582 547 esti’
616 489 713 548 Immo
728 491 846 566 optima,
859 490 911 547 sed
929 508 997 565 age-

58 601 113 658 tur,
134 597 291 658 mement0,
312 583 498 645 foedissime:
520 588 645 662 primurn
666 588 819 646 consilium
841 597 884 645 est
909 589 999 646 suffo·
1052 633 1055 639 .

58 703 125 743 care
139 685 241 742 urbem
258 695 286 743 et
306 685 418 742 Italiam
439 688 524 755 lame,
542 684 647 743 deinde
666 703 753 758 agros
772 694 891 755 vastare,
905 703 997 756 urere,

58 783 191 858 pecuniis
212 783 398 858 locupletium
412 800 465 840 non
480 783 641 854 abstinere3
663 783 714 841 sed
734 801 801 841 cum
820 784 922 841 eadem
937 801 999 841 me-

58 891 139 938 tuam
162 882 199 938 ab
222 880 277 938 hac
292 891 380 955 parte,
405 882 430 938 'si
457 880 526 938 illim
553 881 726 939 beneficium
747 882 873 951 nonsit,
895 882 999 940 rectius

59 989 160 1054 putem
178 979 291 1054 quidvis
308 979 387 1036 domi
407 979 525 1054 perpeti.
569 978 627 1036 Sed
647 979 687 1036 ita
707 979 846 1038 meruisse
868 979 946 1036 illurn
962 981 999 1037 de

59 1095 107 1134 me
121 1087 200 1151 puto,
214 1089 246 1134 ut
260 1075 409 1149 ἀχαριστίας
423 1076 531 1134 crimen
550 1074 646 1134 subire
660 1094 722 1133 non
737 1076 876 1133 audeam:
897 1096 1000 1151 quam-

40 1204 43 1209 ·
59 1192 149 1250 quam
171 1193 189 1231 a
208 1183 237 1231 te
257 1175 320 1232 eius
340 1191 457 1250 quoque
478 1174 518 1232 rei
539 1174 613 1232 iusta
635 1173 766 1232 defensio
785 1183 828 1231 est
847 1175 998 1249 explicata.

60 1288 88 1344 5.
109 1272 156 1329 De
169 1272 315 1347 triumpho
329 1272 380 1329 tibi
394 1272 548 1341 adsentior,
573 1289 661 1347 quem
676 1271 794 1345 quidem
807 1280 900 1328 toturn
916 1272 999 1330 facile

60 1380 90 1427 et
108 1369 228 1426 libenter
249 1371 399 1427 abiecero:
420 1369 536 1444 egregie
557 1369 651 1443 probo
673 1368 735 1426 fore
755 1378 795 1438 ut,
818 1369 888 1425 dum
910 1387 998 1444 vaga-

60 1486 135 1537 mur,
149 1472 163 1522 ὅ
176 1468 257 1525 πλόοι
274 1471 364 1540 ὡραῖος
378 1469 506 1543 obrepat.
549 1468 599 1524 ‘Si
619 1466 724 1525 modo'
739 1467 835 1542 inquis
849 1468 934 1525 ‘satis
953 1469 1016 1526 ille·

60 1565 114 1621 erit
128 1564 243 1621 firmus?
285 1563 338 1622 Est
352 1565 460 1622 firmior
475 1565 560 1622 etiam
575 1582 664 1639 quam
677 1564 869 1638 putabamus;
893 1565 928 1622 de
942 1565 998 1627 isto

60 1661 127 1719 licet
145 1661 218 1718 bene
233 1677 347 1735 speres:
369 1661 506 1735 promitto
526 1661 584 1730 tibi,
600 1661 624 1718 si
645 1661 757 1730 valebit,
772 1661 899 1735 tegulam
918 1661 998 1719 illum

60 1760 90 1816 in
105 1758 188 1815 Italia
200 1758 308 1815 nullam
319 1756 490 1815 relicturum.
532 1757 634 1814 ‘Tene
649 1758 733 1832 igitur
747 1758 829 1816 socio
839 1756 864 1816 i'
889 1757 1000 1816 Contra

59 1854 222 1913 mehercule
236 1872 334 1911 mcum
356 1855 493 1912 iudicium
507 1863 535 1912 et
549 1864 651 1912 contra
664 1855 794 1912 omnium
814 1856 999 1929 antiquorum

59 1952 267 2020 auctoritatem,
282 1969 336 2010 nec
350 1961 410 2009 tam
424 1961 455 2009 ut
469 1952 517 2009 illa
530 1952 663 2009 adiuvem
677 1969 766 2027 quam
779 1961 811 2008 ut
825 1951 945 2008 haecne
959 1953 999 2009 vi·

59 2050 146 2107 deam
158 2049 244 2123 cupio
254 2048 420 2120 discedere;
444 2049 504 2106 noli
518 2049 595 2106 enim
610 2058 711 2123 putare
724 2048 885 2106 tolerabiles
895 2048 999 2105 horum

59 2147 187 2205 insanias
206 2163 260 2202 nec
280 2145 375 2203 unius·
386 2146 466 2203 modi
485 2145 566 2203 fore:
588 2147 640 2203 etsi
657 2146 727 2220 quid
746 2154 774 2203 te
795 2144 898 2202 horum
918 2145 998 2220 sugit,

60 2245 185 2320 legibus,
199 2242 318 2312 iudiciis,
333 2252 435 2300 senatu
450 2244 572 2313 sublat0‚
587 2243 729 2314 libidines,
745 2242 886 2312 audacias,
901 2261 1000 2318 sump-

60 2349 275 2417 tuS,.egestates
296 2351 339 2398 tot
360 2341 609 2416 egentissimorum
627 2340 779 2398 hominum
800 2358 855 2398 nec
875 2341 999 2414 privatas

59 2457 149 2516 posse
167 2457 214 2496 res
228 2456 283 2496 nec
302 2456 364 2495 rem
384 2439 530 2512 publicam
548 2439 709 2496 sustinere?
744 2438 894 2495 Abeamus
915 2439 1000 2512 igitur

61 2538 129 2595 inde
143 2537 269 2611 qualibet
283 2537 474 2610 navigatione,
487 2537 540 2593 etsi
555 2536 583 2594 id
597 2536 725 2611 quidem,
739 2546 770 2592 ut
784 2537 836 2593 tibi
850 2536 999 2605 videbitur,

61 2635 114 2692 sed
137 2643 211 2691 certe
236 2635 374 2691 abeamus
386 2653 395 2704 5
428 2633 551 2691 sciemus
574 2635 660 2704 enim,
683 2634 713 2691 id
737 2634 817 2708 quod
839 2643 999 2708 exspectas,

62 2731 133 2807 quid
146 2730 289 2788 Brundisii
303 2737 399 2787 actum
414 2731 457 2788 sit.
500 2732 528 2788 6.
551 2729 641 2788 Bonis
654 2731 720 2788 viris
735 2730 815 2805 quod
829 2730 870 2787 ais
884 2731 1000 2804 probari

62 2847 137 2904 quae
152 2827 245 2884 adhuc
266 2817 427 2898 fecerimus,
443 2828 564 2902 scirique
586 2829 623 2885 ab
641 2828 675 2884 iis
695 2847 743 2885 nos
763 2845 825 2885 non
844 2827 999 2902 profectos

61 2925 145 2982 valde
172 2924 296 2997 gaudeo,
325 2924 348 2980 si
374 2933 418 2981 est
445 2942 524 2982 nunc
548 2924 621 2982 ullus
635 2924 796 3000 ⁸gaudendi
820 2924 912 2982 locus·
953 2923 1000 2981 De

61 3021 188 3080 Lentulo
213 3021 391 3097 investigabo
417 3022 601 3096 diligentius:
622 3022 653 3079 id
672 3022 807 3080 mandavi
835 3021 999 3090 Philotimo,

61 3117 174 3176 homini
195 3117 260 3174 lorti
284 3135 319 3176 ac
343 3119 463 3175 nimium
484 3119 622 3194 optimati
665 3131 692 3192 7.
713 3117 883 3176 Extremum
904 3128 954 3186 est,
969 3127 1001 3174 ut

61 3216 114 3274 tibi
129 3223 330 3289 argumentum
349 3215 386 3272 ad
408 3217 591 3282 scribendum
613 3216 734 3274 fortasse
754 3217 812 3272 iam
833 3215 1000 3273 desit—nec

63 3314 143 3371 enim
165 3312 220 3368 alia
240 3312 276 3368 de
297 3331 328 3369 re
349 3330 426 3370 nunc
447 3314 504 3371 ulla
525 3315 609 3371 scribi
629 3323 742 3388 potest;
763 3322 792 3370 et
806 3313 842 3370 de
862 3312 916 3368 hac
931 3312 1001 3386 quid

63 3412 123 3468 iam
144 3409 267 3485 amplius
287 3410 406 3492 inveniri
428 3420 523 3487 potest
532 3411 637 3468 i-sed
651 3410 789 3487 quoniam
803 3419 831 3468 et
851 3409 1000 3484 ingenium

507 3526 558 3565 ra
