2348 3788
61 194 232 277 apuam-l
248 207 360 258 aaran
376 206 427 254 aa
448 207 671 255 ranimirus
693 208 773 256 xrrr.
794 193 841 257 16.
938 209 1000 274 ²07

59 344 202 436 possum?
224 358 303 434 quod
318 367 414 416 autem
429 357 563 415 homines
578 375 596 415 a
615 376 662 415 me
682 357 828 432 postulare
848 356 957 427 scribis,
972 365 1005 414 ut

49 456 167 514 'Romae
182 458 244 525 sain,
259 476 340 530 neque
354 457 431 526 mihi,
446 462 478 511 ut
494 455 589 521 obstin,
604 456 748 525 concedere,
763 463 812 511 aut
826 455 846 524 †
861 467 1003 528 quatenus
1087 498 1089 504 .

60 571 113 612 eos
128 553 197 610 mihi
213 554 381 624 concedere,
397 552 582 628 iampridem
600 553 672 609 scito
691 570 764 620 esse,
780 569 845 608 cum
865 569 955 608 unum
974 562 1003 610 te

60 653 149 728 pluris
172 669 260 726 quam
285 669 389 709 omnes
410 651 473 708 illos
495 662 603 726 putem.
646 648 692 706 Ne
717 668 764 706 me
789 650 907 725 quidem
931 667 1003 706 con-

59 762 170 819 temno,
188 768 313 825 meoque
333 749 440 806 iudicio
460 748 552 805 multo
572 759 646 805 stare
666 747 744 805 malo
764 766 851 823 quam
873 747 1003 803 omnium

60 848 251 922 reliquorum;
274 865 370 922 neque
385 857 482 904 tamen
497 846 668 922 progredior
684 845 811 920 longius,
827 862 915 919 qua-m
934 844 1004 900 mihi

61 945 220 1002 doctissimi
248 943 382 1001 homines
410 943 582 1013 concedunt,
612 960 735 1019 quorum
763 943 869 1017 scripta
896 942 1003 1011 omnia,

60 1061 262 1118 quaecumque
288 1042 408 1099 suntin
433 1059 499 1098 eam
524 1042 704 1111 sententiam,
727 1059 787 1098 non
815 1039 872 1114 legi
900 1039 1003 1109 solum,

60 1140 141 1216 quod
156 1141 249 1214 ipsum
265 1139 418 1198 eratfortis
433 1139 551 1213 aegroti,
566 1139 696 1213 accipere
711 1137 893 1207 medicinam,
908 1137 959 1194 sed
974 1138 1004 1192 iu

60 1256 128 1295 mea
152 1239 237 1295 etiarn
260 1239 365 1312 scripta
386 1237 524 1305 transtuli,
548 1236 628 1311 quod
649 1247 725 1294 certe
746 1235 853 1293 adflicti
875 1243 903 1292 et
923 1232 1004 1291 fracti
1060 1231 1062 1234 ’

61 1335 150 1392 animi
165 1354 225 1393 non
240 1335 299 1392 fuit.
342 1336 389 1392 Ab
403 1334 447 1392 his
462 1352 509 1390 me
524 1332 659 1392 remediis
673 1335 733 1392 noli
748 1335 777 1391 in
791 1333 877 1390 istam
891 1331 1004 1389 turbam

61 1450 175 1504 vocare,
190 1450 227 1489 ne
242 1432 377 1490 recidam.

236 1557 283 1649 ar.
325 1589 653 1649 annuntiaturus
675 1588 760 1646 mu.
787 1590 832 1648 ιο.

206 1703 272 1762 Scir.
293 1704 433 1762 Asrunnu
454 1723 547 1762 mansu
568 1705 673 1762 Aprum
694 1721 776 1762 nuc.
801 1715 867 1776 709.

374 1826 476 1866 c1creno
497 1826 616 1866 erasnm
636 1827 704 1867 sin·

21 1952 24 1959 ⁴
108 1944 132 1982 1.
154 1924 184 1981 P.
206 1923 342 1982 Crassum
361 1942 397 1980 ex
417 1924 496 1979 omni
516 1924 663 1981 nobilitate
683 1923 897 1980 adulescentem
918 1921 1005 1980 dilexi

64 2024 228 2097 plurimum,
251 2031 336 2079 etex
361 2039 397 2079 eo
422 2039 490 2078 cum
517 2022 555 2078 ab
579 2021 696 2078 ineunte
724 2021 785 2079 eius
813 2029 905 2077 aetate
929 2020 1004 2077 bene

65 2121 262 2194 speravissem,
287 2129 349 2176 tum
372 2120 498 2195 perbene
527 2119 688 2175 existimare
717 2118 802 2193 coepi
824 2118 858 2174 iis
886 2117 1004 2186 iudiciis,

65 2236 139 2292 quae
162 2218 197 2274 de
217 2235 252 2274 eo
270 2215 387 2287 feceras,
404 2217 536 2290 cognitis.
578 2216 650 2274 Eius
668 2217 801 2274 libertum
815 2216 1004 2290 Apollonium
1079 2259 1084 2269 ,

65 2317 123 2371 iam
142 2324 204 2372 tum
223 2315 366 2389 equidem,
382 2302 454 2371 cum
470 2314 516 2371 ille
531 2313 645 2382 viveret,
659 2322 688 2370 et
707 2314 805 2388 magni
819 2313 961 2370 faciebam
977 2323 1005 2370 et

66 2414 245 2488 probabam:
268 2423 328 2468 erat
343 2413 420 2468 enim
435 2420 463 2468 et
478 2411 623 2468 studiosus
638 2409 736 2468 Crassi
756 2420 785 2468 et
803 2411 841 2468 ad
855 2411 916 2468 eius
930 2411 1004 2486 opti-

68 2528 116 2567 ma
143 2510 237 2566 studia
257 2509 441 2566 vehementer
469 2518 552 2584 aptus
564 2527 572 2580 ;
602 2508 698 2584 itaque
723 2510 759 2566 ab
784 2523 829 2566 eo
845 2509 1004 2566 admodum

67 2608 245 2682 diligebatur.
291 2626 315 2663 2.
337 2605 408 2663 Post
422 2616 544 2662 mortem
559 2617 656 2664 autem
672 2605 768 2664 Crassi
783 2624 819 2664 eo
833 2605 903 2663 mihi
918 2608 1005 2664 etiam

67 2705 181 2779 dignior
198 2705 274 2761 visus
296 2714 347 2773 est,
362 2721 449 2778 quem
471 2705 500 2760 in
520 2704 607 2761 fidem
629 2715 714 2778 atque
735 2704 889 2762 amicitiam
908 2722 1005 2761 meam

65 2803 232 2876 reciperem,
248 2802 327 2877 quod
346 2819 397 2859 eos
414 2819 431 2858 a
451 2819 481 2858 se
500 2801 698 2859 observandos
717 2809 745 2858 et
764 2801 904 2859 colendos
923 2813 1005 2876 puta-

66 2900 126 2970 bat,
142 2917 216 2975 quos
230 2899 276 2956 ille
292 2899 437 2956 dilexisset
452 2909 480 2956 et
495 2899 598 2974 quibus
614 2915 696 2955 carus
711 2896 818 2956 fuisset.
861 2898 962 2974 Itaque
977 2911 1005 2957 et

66 2997 104 3055 ad
121 3015 168 3054 me
187 2998 217 3053 in
237 2995 367 3054 Ciliciam
381 2996 458 3052 venit
477 2996 630 3071 multisque
649 2995 679 3052 in
698 2997 783 3053 rebus
804 2995 875 3053 mihi
895 3014 1004 3071 magno

65 3094 131 3152 usui
150 3093 201 3151 luit
222 3103 249 3150 et
269 3093 341 3150 fides
361 3094 421 3151 eius
441 3103 469 3150 et
487 3093 647 3169 prudentia,
667 3101 703 3162 et,
721 3103 753 3150 ut
771 3095 884 3170 opinor,
903 3094 954 3150 tibi
974 3096 1003 3152 in

66 3192 263 3274 Alexandrino
284 3192 368 3262 bello,
383 3203 522 3267 quantum
544 3192 639 3250 studio
660 3201 688 3249 et
708 3192 843 3250 fidelitate
863 3195 1003 3270 consequi

67 3288 169 3368 p'otuit,
188 3309 249 3348 non
270 3289 378 3349 deluit:
401 3308 427 3363 3.
450 3290 618 3364 quodcum
639 3300 765 3365 speraret
786 3300 813 3348 te
828 3308 945 3365 quoque
964 3291 1004 3349 ita

66 3388 238 3461 existimare,
252 3388 283 3445 in
302 3386 476 3466 Hispaniam
495 3387 532 3445 ad
551 3398 588 3460 te,
605 3388 730 3446 maxime
747 3387 793 3446 ille
813 3387 930 3466 quidem
949 3407 1002 3448 suo
