2356 3810
100 226 147 287 ep.
163 206 218 297 μ]
332 222 443 273 aaran
464 222 514 270 aa
534 222 699 271 arricum
722 225 750 274 ν.
772 231 821 273 11.
1004 232 1041 297 91

99 374 224 450 flagrem
244 371 388 436 desiderio
408 374 495 443 urbis,
516 391 604 448 quarn
625 373 672 431 vix
693 373 796 431 harum
816 393 912 432 rerum
933 359 1045 435 insulsi-

99 482 191 530 tatem
214 470 312 530 feram.
360 489 385 528 2.
411 461 565 528 Marcellus
586 468 672 528 foede
693 472 723 528 in
745 471 903 529 Comensi:
926 475 978 531 etsi
999 475 1044 533 ille

99 570 301 644 magistratum
335 586 397 626 non
431 567 559 642 gesserit,
587 577 647 624 erat
681 578 779 626 tamen
808 568 1044 645 Transpadanus

100 666 147 723 Ita
160 665 231 722 mihi
244 665 354 722 videtur
367 683 429 722 non
442 665 538 722 minus
553 665 695 722 stomachi
709 660 809 726 nostro
824 666 912 742 'quam
928 666 1044 725 Caesari

100 764 222 834 fecisse;
246 762 297 820 sed
316 762 372 821 hoc
389 763 452 838 ipse
466 763 578 821 uiderit.
622 746 648 837 3.
670 763 829 840 Pompeius
843 764 912 821 mihi
927 782 1044 840 quoque

99 862 257 930 videbatur,
280 861 359 935 quod
383 860 483 918 scribis
505 859 669 918 Varronem
692 862 794 931 dicere,
817 863 847 918 in
870 861 1045 937 Hispaniam

100 968 179 1017 certe
212 960 320 1017 iturus:
355 959 386 1017 id
418 976 475 1033 ego
506 959 625 1016 minime
652 961 822 1034 probabam,
851 960 899 1035 qui
927 961 1045 1034 quidem

101 1055 279 1132 Theophani
303 1055 387 1132 facile
407 1057 537 1131 persuasi
558 1055 628 1113 nihil
649 1075 713 1114 esse
733 1058 835 1116 melius
857 1075 945 1133 quam
967 1057 1046 1114 illum

101 1171 248 1229 nusquam
259 1153 415 1211 discedere.
456 1152 536 1228 Ergo
548 1152 679 1212 Graecus
690 1155 848 1225 incumbet;
863 1155 937 1212 valet
949 1165 1045 1212 autem

102 1252 257 1308 auctoritas
284 1251 346 1308 eius
374 1251 453 1326 apud
476 1252 555 1308 illurn
578 1251 743 1327 plurimum.
786 1271 813 1323 4.
835 1251 900 1326 Ego
925 1251 977 1309 has
1003 1270 1044 1327 pr.

102 1349 208 1408 Nonas
219 1349 379 1420 Quinctiles
391 1349 578 1424 proficiscens
590 1349 713 1407 Athenis
725 1349 800 1420 dedi,
811 1367 877 1407 cum
888 1350 927 1405 ibi
943 1350 1045 1407 decern

101 1450 182 1522 ipsos
203 1446 322 1506 fuissem
344 1447 414 1505 dies.
458 1447 586 1505 Venerat
606 1447 793 1522 Pomptinus;
819 1467 879 1506 una
900 1448 953 1506 Cn.
974 1447 1046 1506 Vol-

101 1545 191 1614 usius,
201 1545 299 1603 aderat
310 1556 446 1620 quaestor
453 1566 462 1617 ;
476 1554 542 1603 tuus
552 1563 628 1604 unus
638 1545 750 1603 Tullius
762 1547 868 1604 aberat.
896 1526 1046 1621 Aphia'c'ta

102 1641 287 1719 Rhodiorum
300 1653 329 1715 et
342 1643 452 1721 dicrota
467 1643 708 1718 Mytilenaeorum
727 1643 872 1701 habebam
889 1653 918 1701 et
938 1644 1045 1719 aliquid

73 1750 76 1754 '
102 1728 242 1809 ἐᾶμέὠπῶνζ
274 1736 332 1797 'De
347 1724 458 1798 Parthis
476 1751 537 1798 erat
557 1741 709 1798 silentium.
753 1739 842 1811 Quod
862 1743 1000 1816 superest,
1017 1743 1046 1800 di

101 1840 216 1896 iuventl
267 1851 294 1911 5.
316 1837 380 1896 Nos
402 1837 496 1896 adhuc
517 1839 569 1896 iter
591 1856 642 1913 per
664 1837 817 1895 Graeciam
840 1856 955 1896 summa
979 1858 1045 1897 cum

101 1936 292 1994 admiratione
313 1934 442 2006 fecimus,
464 1954 519 1994 nec
541 1935 704 1993 mehercule
727 1935 822 1994 habeo
845 1937 926 2012 quod
951 1937 1044 1995 adhuc

101 2053 191 2111 quern
222 2051 359 2091 accusem
392 2051 542 2091 meorum:
577 2033 708 2090 videntur
735 2033 806 2091 mihi
834 2051 922 2092 nosse
952 2030 1042 2115 [nos]

100 2141 232 2190 nostram
247 2148 364 2188 causam
378 2140 407 2188 et
421 2131 627 2189 condicionem
641 2131 829 2206 profectionis
844 2150 935 2203 ·suae;
959 2132 1044 2207 plane

101 2229 226 2289 serviunt
249 2228 452 2311 existimationi
477 2246 568 2294 meae.
611 2227 701 2299 Quod
729 2238 868 2305 superest,
893 2230 917 2288 si
932 2248 1043 2287 ·verum

100 2327 171 2385 illud
185 2336 228 2384 est
242 2325 331 2398 οἵαπερ
348 2324 363 2395 ἦ
382 2314 511 2397 diviona,
527 2318 604 2384 ce'rte
623 2311 854 2401 permanebunt;
876 2327 946 2384 nihil
966 2327 1045 2386 enim

100 2442 179 2483 ame
197 2423 257 2481 fieri
277 2424 316 2480 ita
333 2423 479 2504 videbunt,
494 2433 526 2481 ut
544 2424 597 2481 sibi
618 2424 654 2482 sit
676 2425 861 2500 delinquendi
878 2425 976 2484 locus:
999 2427 1044 2484 sin

99 2524 129 2580 id
154 2511 263 2597 parum
279 2504 429 2595 profuerit,
451 2521 498 2579 fiet
522 2522 630 2598 aliquid
654 2541 673 2580 a
694 2523 779 2580 nobis
802 2524 944 2593 severius;
974 2543 1043 2581 nam

100 2620 195 2678 adhuc
222 2618 338 2685 lenitate
366 2618 465 2676 dulces
494 2637 593 2677 sumus
621 2630 658 2692 et,
687 2630 719 2678 ut
753 2639 847 2697 spero,
875 2621 1042 2698 proficimus
1097 2686 1100 2692 ,

100 2719 286 2792 aliquantum.
329 2715 388 2775 Sed
408 2734 464 2791 ego
486 2716 570 2787 hanc,
591 2727 623 2775 ut
648 2717 736 2776 Siculi
761 2719 868 2790 dicunt,
890 2721 991 2788 ἀνεξίαν
1014 2719 1045 2776 in

100 2833 190 2873 unum
205 2832 315 2871 annum
333 2813 486 2872 meditatus
505 2832 588 2872 surn:
609 2816 732 2890 proinde
751 2834 859 2892 pugna,
875 2836 921 2889 ne,
936 2819 1045 2893 siquid

99 2922 289 2989 prorogatum
309 2912 352 2982 sit,
367 2912 457 2986 turpis
475 2912 612 2970 inveniar.
655 2914 681 2970 6.
706 2912 793 2972 Nunc
813 2915 901 2973 redeo
916 2915 1044 2991 adquae

99 3010 170 3068 mihi
194 3009 335 3067 mandas:
357 3008 377 3076 †
398 3009 428 3065 in
453 3009 603 3084 praefectis
626 3012 773 3070 excusatio
796 3013 839 3084 iis,
861 3031 935 3087 quos
955 3013 1042 3083 voles,

100 3102 227 3177 dehitto':
255 3125 316 3164 non
341 3123 391 3163 ero
414 3116 473 3163 tam
497 3111 629 3180 μετέωρος,
654 3114 743 3187 quam
767 3105 797 3166 in
820 3111 969 3186 Appuleio
993 3109 1042 3168 fui.

99 3205 257 3263 Xenonem
277 3213 337 3261 tarn
358 3204 446 3279 diligo
466 3222 554 3280 quam
572 3214 611 3275 tu,
627 3190 708 3280 quod
726 3207 823 3282 ipsum
842 3208 945 3265 sentire
964 3219 1041 3266 certo

99 3303 170 3360 scio.
212 3301 301 3377 Apud
319 3302 474 3360 Patronem
493 3312 521 3360 et
539 3303 666 3378 reliquos
684 3304 809 3363 barones
829 3315 856 3362 te
870 3306 900 3361 in
914 3306 1040 3364 maxima

99 3400 191 3475 gratia
210 3400 303 3474 posui,
318 3410 347 3458 et
365 3400 480 3459 hercule
499 3401 602 3459 merito
622 3411 673 3459 tuo
693 3400 764 3473 feci,
785 3420 854 3459 nam
872 3401 942 3459 mihi
960 3403 983 3460 is
997 3413 1040 3462 ter
