2356 3810
170 212 231 278 168
390 222 476 272 nr.
502 222 623 270 rurnrr
644 221 832 271 cronnorvrs
976 209 1043 293 [Pars
1058 223 1104 270 ru.

165 377 202 434 de
223 385 284 434 tota
308 373 494 433 contentione
518 372 548 429 in
571 372 731 448 Hispaniis,
754 371 809 430 nisi
833 372 906 430 forte
932 373 966 430 iis
991 373 1105 431 amissis

166 492 246 532 arma
260 472 432 546 Pompeium
446 471 624 528 abiecturum
638 471 827 545 putascuius
845 488 933 528 omne
951 471 1106 528 consilium

165 569 414 630 Themistocleum
443 578 501 639 est;
533 568 677 627 existimat
710 569 795 638 enim,
825 568 874 644 qui
901 584 981 624 mare
1009 579 1106 626 teneat

164 686 233 726 eum
247 684 366 725 necesse
380 685 435 722 csse
447 684 543 724 rerum
557 665 650 742 potiri.
692 665 793 741 ltaque
807 683 967 741 numquam
986 666 1016 724 id
1035 668 1104 742 egit,

165 776 197 823 ut
225 763 385 840 Hispaniae
413 781 465 839 per
492 781 524 822 se
548 773 731 845 tenetentum
761 763 870 821 navalis
894 775 1049 839 apparatus
1077 766 1105 822 ei

165 879 280 938 semper
293 861 494 936 antiquissima
508 878 576 919 cura
590 859 651 918 fuit.
693 860 848 936 Navigabit
861 862 955 936 igitur,
969 881 1038 920 cum
1051 863 1106 920 erit

164 971 287 1035 tempus,
302 959 436 1016 maximis
456 959 594 1016 classibus
617 969 646 1016 et
664 958 701 1015 ad
716 957 829 1016 Italiam
852 959 977 1030 accedet,
995 961 1026 1018 in
1044 978 1105 1036 qua

164 1075 219 1116 nos
241 1056 376 1115 sedentes
396 1057 467 1132 quid
488 1057 615 1114 erimus?
643 1074 711 1113 nam
735 1057 849 1115 medios
871 1075 935 1115 esse
960 1057 1017 1115 iam
1041 1076 1105 1116 non

164 1154 268 1213 licebit.
320 1150 494 1233 [Classibus]
524 1155 739 1212 adversabimur
766 1155 873 1230 igitur?
902 1156 983 1231 quod
1009 1157 1105 1216 maius

165 1252 258 1310 scelus
285 1252 330 1309 vel
357 1260 470 1309 tantum
499 1249 642 1326 denique?
675 1252 745 1327 quid
773 1253 905 1329 turpius?
945 1254 994 1311 An
1022 1254 1102 1330 qui†

165 1350 246 1408 valde
274 1350 320 1408 hic
346 1349 377 1407 in
405 1349 541 1407 absentes
569 1349 647 1407 solus
674 1350 724 1407 tuli
752 1350 854 1421 scelus,
879 1351 1010 1409 eiusdem
1035 1369 1103 1409 cum

61 1467 63 1471 ’
163 1448 305 1523 Pompeio
333 1456 362 1504 et
389 1465 456 1504 cum
484 1447 599 1521 reliquis
625 1448 803 1523 principibus
831 1466 891 1506 non
918 1448 1032 1506 feram?
1075 1463 1102 1522 5.

164 1545 254 1616 Quod
273 1546 297 1602 si
314 1545 373 1602 iam
389 1545 480 1602 misso
501 1544 597 1603 officio
616 1546 734 1622 periculi
752 1547 824 1604 ratio
844 1545 979 1604 habenda
998 1556 1049 1616 est,
1064 1548 1103 1604 ab

163 1643 217 1701 illis
232 1652 275 1700 est
289 1641 457 1716 periculum,
473 1641 497 1698 si
517 1660 649 1718 peccaro,
665 1643 781 1714 abhoc,
797 1644 820 1702 si
837 1655 914 1702 recte
928 1644 1032 1713 fecem,
1046 1663 1102 1702 nec

162 1741 252 1797 ullum
276 1739 307 1796 in
328 1738 373 1796 his
398 1739 481 1796 malis
506 1740 658 1797 consilium
682 1741 810 1816 periculo
834 1760 957 1800 vacuum
982 1743 1102 1800 inveniri

164 1847 268 1912 potest,
282 1846 315 1894 ut
328 1850 390 1894 non
403 1836 440 1894 sit
454 1836 573 1894 dubium
588 1838 658 1914 quin
674 1835 806 1917 [turpiter
820 1835 929 1918 facere]
943 1855 1010 1897 cum
1027 1841 1102 1915 peri·

166 1935 230 1992 culo
247 1933 400 2009 fugiamus,
415 1935 495 2009 quod
514 1934 678 2010 lugeremus
697 1937 783 1993 etiam
804 1954 871 1994 cum
891 1937 989 1995 salute.
1031 1937 1101 1995 Non

165 2032 249 2091 simul
267 2027 333 2090 'cum
352 2032 494 2107 Pompeio
513 2049 594 2090 mare
613 2035 784 2092 transiimus
826 2032 956 2093 Omnino
974 2053 1028 2092 nen
1048 2052 1101 2111 po

162 2132 288 2189 tuimus:
324 2138 418 2188 exstat
452 2129 524 2188 ratio
560 2130 678 2188 dierum.
730 2129 788 2189 Sed
822 2131 1102 2191 tamen-fateamur

163 2230 240 2287 enim
262 2228 342 2304 quod
363 2237 485 2286 est-ne
507 2229 710 2286 contendimus
734 2229 861 2304 quidem,
885 2239 917 2287 ut
938 2247 1099 2305 possemus

162 2327 273 2384 Fefellit
294 2325 329 2384 ea
347 2344 395 2383 me
414 2343 469 2395 res,
484 2343 560 2401 quae
579 2325 701 2384 fortasse
720 2344 780 2384 non
796 2326 903 2397 debuit,
918 2328 970 2385 sed
984 2327 1099 2387 fefellit:

161 2441 267 2499 pacem
286 2424 383 2498 putavi
402 2422 473 2493 fore,
493 2425 609 2499 quaesi
629 2434 712 2493 esset,
732 2424 835 2481 iratum
856 2424 926 2480 mihi
946 2424 1100 2484 Caesarem

162 2535 234 2591 esse,
252 2536 320 2576 cum
338 2520 416 2577 idem
435 2521 546 2577 amicus
568 2531 643 2578 esset
661 2520 815 2596 Pompei0‚
835 2522 931 2593 nolui;
953 2541 1099 2582 senseram

162 2618 249 2688 enim,
261 2635 348 2692 quam
363 2615 449 2674 iidem
464 2628 568 2676 essent.
610 2617 679 2676 Hoc
693 2637 794 2676 verens
808 2619 838 2675 in
849 2619 924 2678 hanc
937 2621 1099 2679 tarditatem

161 2716 256 2774 incidi.
308 2714 366 2772 Sed
394 2732 533 2790 assequor
560 2717 667 2786 omnia,
696 2717 720 2775 si
747 2734 891 2792 propero;
920 2717 944 2775 si
971 2731 1099 2790 cunctor,

161 2815 271 2871 amitto.
314 2815 340 2870 6.
362 2812 400 2870 Et
414 2822 521 2883 tamen,
533 2815 572 2870 mi
584 2815 688 2885 Attice,
701 2816 821 2890 auguria
835 2831 952 2891 quoque
965 2834 1013 2874 me
1028 2817 1099 2875 inci-

161 2922 224 2969 tant
242 2911 368 2987 quadam
389 2927 440 2986 spe
460 2929 519 2968 non
539 2910 632 2982 dubia,
648 2931 709 2970 non
729 2911 802 2970 haec
821 2913 934 2987 collegii
953 2915 1044 2972 nostri
1062 2917 1100 2973 ab

162 3013 240 3078 Atto,
266 3008 318 3066 sed
342 3008 390 3065 illa
413 3007 541 3067 Platonis
570 3010 607 3067 de
631 3010 775 3085 tyrannis:
801 3010 880 3069 nullo
905 3012 982 3068 enlm
1008 3008 1114 3072 modo'

161 3124 249 3183 posse
270 3106 355 3164 video
376 3116 449 3163 stare
471 3107 557 3163 istum
579 3107 690 3176 diutius,
713 3108 783 3182 quin
805 3109 867 3183 ipse
888 3126 992 3183 perse
1013 3112 1100 3168 etiam

161 3205 364 3279 languentibus
378 3204 464 3261 nobis
483 3205 626 3276 concidat,
642 3205 749 3281 quippe
764 3207 812 3280 qui
828 3205 1046 3265 florentissimus
1065 3227 1100 3267 ac

163 3320 256 3360 novus
270 3319 306 3358 vr.
322 3319 371 3358 vu.
388 3302 489 3359 diebus
504 3302 558 3377 ipsi
572 3303 611 3359 illi
625 3303 721 3377 egenti
736 3321 770 3360 ac
785 3303 911 3378 perditae
926 3305 1100 3363 multitudini

163 3402 193 3460 in
208 3399 307 3458 odium
321 3398 537 3458 acerbissimum
549 3400 664 3470 venerit,
676 3401 725 3477 qui
740 3400 861 3461 duarum
875 3419 970 3459 rerum
985 3403 1100 3462 simula·
