2356 3810
62 234 107 296 sp.
124 217 179 304 aa]
269 227 380 278 aaran
403 228 453 275 ao
473 227 639 277 arricum
659 228 707 274 ix.
730 233 759 298 9.
942 229 1000 296 149

62 381 154 438 Recte
168 397 229 436 non
244 377 337 435 credis
357 376 394 435 de
414 395 535 435 numero
553 376 694 433 militum:
715 376 780 451 ipso
800 373 918 433 dimidio
937 375 1002 449 plus

63 478 179 552 scripsit
207 475 317 534 Clodia
373 474 490 532 Falsum
519 474 604 532 etiarn
633 475 670 532 de
699 473 839 549 corruptis
873 473 1002 530 navibus.

63 575 154 646 Quod
179 573 313 632 consules
337 571 446 642 laudas,
468 590 524 647 ego
546 589 664 647 quoque
686 571 815 630 animum
835 569 930 640 laud0,
951 570 1005 626 sed

64 673 217 732 consilium
245 669 441 745 reprehendo;
476 670 606 727 discessu
626 669 705 726 enim
729 669 844 726 illorum
867 668 944 725 actio
968 667 1004 724 de

64 791 137 848 pace
158 770 270 827 sublata
291 779 342 838 est,
366 786 454 843 quam
476 767 595 842 quidem
617 784 673 842 ego
694 767 861 824 meditabar.
903 765 1004 840 Itaque

65 878 169 946 postea
183 866 322 932 Demetrii
341 865 444 922 librum
459 865 495 922 de
514 865 671 922 concordia
689 864 739 921 tibi
756 863 853 921 remisi
867 872 896 921 et
909 862 1005 920 Philo·

67 969 140 1024 timo
163 965 246 1036 dedi;
272 982 326 1024 nec
347 981 415 1021 vero
437 963 538 1020 dubito
558 963 630 1037 quin
651 962 804 1020 exitiosum
824 961 932 1018 bellurn
951 961 1006 1017 im·

66 1066 201 1141 pendeat,
224 1063 304 1120 cuius
329 1061 442 1118 initium
467 1061 585 1118 ducetur
607 1079 625 1118 a
646 1060 730 1117 fame.
772 1059 810 1116 Et
837 1078 885 1117 me
908 1069 1006 1116 tamen

68 1163 231 1222 doleonon
250 1155 389 1216 interesse
406 1158 472 1216 huic
485 1159 581 1216 belloi
603 1159 632 1214 in
654 1175 712 1233 quo
732 1167 812 1214 tanta
830 1157 872 1214 vis
892 1158 1006 1229 sceleris

67 1261 163 1318 lutura
176 1267 228 1328 est,
242 1267 282 1327 ut,
297 1275 363 1314 cum
378 1264 511 1332 parentes
529 1274 591 1313 non
610 1256 685 1314 alere
704 1255 844 1312 nefarium
855 1256 902 1330 sit,
916 1257 1006 1313 nostri

68 1358 214 1436 principes
235 1354 464 1430 antiquissimam
484 1363 513 1411 et
534 1354 744 1411 sanctissimam
764 1363 921 1428 parentem,
943 1364 1006 1427 pat-

68 1458 151 1525 riam,
167 1454 244 1512 fame
258 1452 421 1510 necandam
442 1459 552 1526 putent.
594 1450 690 1527 Atque
709 1450 767 1508 hoc
787 1468 848 1507 non
869 1451 1007 1525 opinione

68 1556 168 1622 time0,
184 1551 234 1610 sed
249 1549 363 1607 interlui
378 1550 578 1607 sermonibus:
601 1549 697 1606 omnis
715 1549 787 1606 haec
802 1549 901 1607 classis
919 1549 1007 1606 Alex·

69 1651 179 1719 andria,
195 1647 320 1718 Colchis,
343 1647 432 1722 Tyro,
453 1645 569 1716 Sidone,
584 1646 693 1717 Arad0,
708 1645 816 1721 Cypro,
831 1645 1006 1721 Pamphylia,

68 1748 168 1824 Lycia,
190 1745 306 1815 Rhodo,
328 1743 412 1814 Chio,
434 1743 583 1820 Byzanti0‚
605 1744 710 1814 Lesbo,
737 1743 867 1819 Smyrna,
896 1743 1006 1814 Mileto,

69 1847 137 1906 Coo
161 1845 199 1902 ad
223 1842 456 1901 intercludendos
479 1852 659 1902 commeatus
682 1841 782 1899 Italiae
807 1851 835 1899 et
859 1842 897 1899 ad
920 1859 1008 1899 occu·

68 1942 182 2021 pandas
207 1940 406 1998 frumentarias
428 1940 591 2014 provincias
619 1947 811 2014 comparatur.
852 1939 894 1996 At
920 1958 1008 2014 quarn

68 2043 165 2099 veniet
185 2039 289 2097 iratusl
321 2047 350 2095 et
373 2038 408 2095 iis
429 2034 547 2112 quidem
568 2037 703 2106 maxime,
725 2036 862 2112 quicum
883 2037 1009 2094 maxime

70 2139 181 2197 salvum
209 2136 352 2204 volebant,
380 2135 463 2210 quasi
497 2135 611 2192 relictus
642 2135 679 2190 ab
707 2134 751 2204 iis,
780 2151 854 2210 quos
888 2134 1009 2209 reliquit.

68 2236 173 2310 Itaque
187 2233 257 2290 mihi
272 2233 419 2304 dubitanti,
436 2232 506 2309 quid
523 2250 571 2289 me
585 2231 679 2288 facere
693 2249 745 2306 par
759 2231 803 2302 sit,
817 2249 1010 2306 permagnum

69 2333 188 2412 pondus
202 2331 293 2389 adfert
307 2331 508 2389 benevolentia
522 2349 591 2404 erga
605 2314 692 2399 illum,
708 2347 766 2404 qua
781 2329 900 2406 dempta
918 2331 1010 2404 perire

69 2431 174 2489 melius
195 2439 272 2487 esset
293 2428 323 2486 in
347 2429 439 2506 patria
460 2441 547 2505 quam
568 2427 691 2504 patriam
713 2427 854 2484 servando
875 2439 1009 2487 evertere.

70 2527 118 2586 De
134 2526 339 2602 septemtrione
352 2526 437 2601 plane
451 2526 490 2583 ita
504 2535 565 2594 est;
587 2535 685 2583 metuo
704 2543 741 2582 ne
760 2535 877 2583 vexetur
895 2524 1008 2601 Epirus.

72 2625 132 2684 Sed
154 2642 242 2700 quem
265 2634 297 2681 tu
318 2623 416 2680 locum
433 2621 580 2690 ,Graeciae
601 2640 662 2679 non
685 2623 828 2698 direptum
851 2622 884 2680 iri
905 2633 990 2697 putas
998 2609 1017 2680 ἴ

71 2723 224 2781 Praedicat
244 2722 322 2778 enirn
341 2721 437 2796 palam
457 2731 485 2778 et
507 2721 642 2778 militibus
665 2720 791 2778 ostendit
809 2738 841 2778 se
860 2719 1011 2796 largitione

71 2824 137 2898 ipsa
165 2819 341 2894 superiorem
370 2835 458 2894 quam
479 2817 557 2876 hunc
584 2817 654 2876 fore.
697 2817 772 2876 Illud
792 2835 840 2874 me
867 2818 1011 2892 praeclare

72 2919 223 2987 admones,
245 2934 312 2973 cum
333 2915 413 2973 illum
433 2915 541 2986 videro,
563 2934 600 2973 ne
622 2915 707 2973 nimis
729 2915 909 2996 indulgenter
930 2925 959 2972 et
980 2926 1012 2973 ut

73 3034 141 3076 curn
156 3014 292 3090 gravitate
305 3013 403 3087 potius
416 3012 534 3088 loquar:
555 3011 640 3087 plane
655 3013 696 3070 sic
710 3011 884 3070 iaciendum.
926 3012 1013 3086 Arpi·

72 3131 154 3182 num,
177 3129 243 3169 cum
268 3129 335 3168 eum
359 3127 533 3180 convenerO,
555 3110 661 3184 cogit0,
682 3128 719 3167 ne
747 3109 820 3167 sorte
841 3119 890 3167 aut
910 3111 1012 3178 absim,

74 3228 143 3268 cum
163 3209 265 3278 veniet,
287 3217 335 3265 aut
357 3225 470 3265 cursem
490 3207 547 3264 huc
571 3207 637 3264 illuc
657 3208 702 3264 via
724 3208 881 3265 deterrima.
924 3206 1014 3264 Bibu-

73 3307 144 3376 lum,
158 3315 190 3363 ut
204 3306 312 3375 scribis,
335 3304 420 3362 audio
441 3304 554 3362 venisse
575 3314 603 3362 et
623 3304 731 3362 redisse
751 3305 843 3379 pridie
863 3303 941 3362 Idus.
983 3322 1012 3376 3.

74 3404 271 3477 Philotimum,
295 3414 327 3462 ut
355 3402 397 3460 ais
422 3401 543 3478 epistola
567 3401 657 3472 tertia,
681 3402 887 3478 exspectabas3
916 3399 1014 3460 atille
