2356 3810
75 237 120 298 ap.
135 219 187 306 29.]
285 229 471 281 urrunnu
492 225 760 278 rnrrrrrarrrs'r.
784 238 814 301 9.
979 221 1019 297 83

75 404 139 442 non
168 366 263 442 solum
291 383 438 452 confitear,
467 382 519 439 sed
547 383 634 440 etiam
663 381 814 456 gaudeam.
861 399 905 456 19.
929 379 1021 452 Quod

75 483 218 558 quoniam
243 480 294 538 tibi
322 480 453 555 exposui,
479 479 572 537 facilia
600 490 667 538 sunt
695 497 737 549 ea,
763 496 838 554 quae
866 497 884 535 a
911 497 958 537 me
984 479 1020 537 de

74 579 196 636 Vatinio
224 586 252 635 et
281 578 317 636 de
346 576 453 635 Crasso
481 577 618 652 requiris;
652 595 721 634 nam
749 576 785 634 de
813 577 911 651 Appio
940 576 1021 652 quod

75 677 179 734 scribis
194 675 277 733 sicuti
291 675 327 733 de
343 672 467 732 Caesare
481 685 509 732 te
524 693 584 732 non
604 673 821 748 reprehendere,
836 674 951 748 gaudeo
970 674 1021 730 tibi

75 775 231 832 consilium
260 773 375 848 probari
400 790 507 829 meum.
549 772 596 829 De
620 772 738 829 Vatinio
767 781 871 843 autem,
895 772 1021 846 primum

75 872 187 931 reditus
208 873 408 929 intercesserat
428 871 459 926 in
479 870 600 942 gratiam
618 888 670 945 per
684 869 864 944 Pompeium,
879 870 976 928 statim
990 881 1022 927 ut

76 971 126 1028 ille
147 978 263 1046 praetor
285 977 327 1026 est
348 967 448 1038 factus,
464 985 532 1025 cum
553 968 671 1043 quidem
691 985 749 1042 ego
771 967 831 1024 eius
852 968 1022 1042 petitionem

75 1067 255 1144 gravissimis
269 1066 300 1122 in
320 1074 422 1122 senatu
442 1065 590 1123 sententiis
611 1082 837 1141 oppugnassem,
853 1082 947 1140 neque
963 1075 1023 1122 tam

76 1168 153 1224 illius
182 1163 315 1222 laedendi
343 1181 431 1220 eausa
465 1180 553 1238 quam
581 1163 755 1220 defendendi
783 1173 870 1238 atque
898 1162 1021 1220 ornandi

77 1264 211 1333 Catonis.
252 1262 324 1320 Post
337 1271 434 1318 autern
450 1259 589 1330 Caesaris,
604 1261 728 1319 utillum
744 1261 937 1325 defenderem,
952 1261 1024 1318 mira

78 1361 229 1422 contentio
243 1369 287 1418 est
305 1368 469 1417 consecuta.
512 1357 572 1416 Cur
592 1370 688 1417 autern
707 1360 855 1429 laudarim,
871 1369 939 1434 peto
954 1368 1021 1429 ate,

76 1473 111 1519 ut
126 1460 155 1518 id
171 1476 249 1516 ame
264 1475 336 1514 neve
350 1457 380 1512 in
399 1455 456 1514 hoc
475 1474 525 1513 reo
546 1475 618 1514 neve
639 1459 669 1514 in
691 1458 752 1516 aliis
770 1458 905 1533 requiras,
920 1475 957 1515 ne
972 1457 1022 1515 tibi

77 1575 139 1632 ego
163 1556 241 1615 idem
265 1572 415 1630 reponam,
442 1572 508 1612 cum
531 1557 660 1613 veneris:
690 1557 804 1614 tametsi
833 1574 953 1631 possum
980 1555 1025 1613 vel

79 1656 210 1726 absenti;
236 1652 388 1711 recordare
410 1652 496 1722 enim,
518 1653 623 1728 quibus
644 1653 839 1712 laudationem
861 1674 897 1711 ex
919 1654 1025 1712 ultimis

80 1754 166 1812 terris
192 1753 311 1810 miseris.
355 1750 419 1808 Nec
441 1750 498 1809 hoc
521 1752 700 1826 pertimueris
712 1770 720 1822 ;
754 1771 824 1809 nam
848 1771 865 1810 a
888 1770 936 1809 me
960 1753 1025 1827 ipso

82 1852 237 1909 laudantur
255 1859 284 1909 et
307 1849 499 1907 laudabuntur
517 1849 615 1906 iidem.
658 1849 716 1906 Sed
733 1859 830 1907 tamen
852 1850 1027 1908 defendendi

83 1949 195 2006 Vatinii
216 1949 269 2006 fuit
293 1948 379 2006 etiam
400 1947 446 2003 ille
471 1946 610 2016 stimulus,
633 1946 669 2003 de
692 1965 750 2022 quo
771 1948 801 2004 in
822 1947 936 2016 iudici0,
958 1966 1025 2005 cum

84 2048 166 2104 illum
176 2047 369 2116 defenderem,
377 2045 435 2102 dixi
444 2063 492 2101 me
501 2043 832 2120 facerequiddam,quod
842 2045 872 2101 in
881 2044 1025 2104 Eunucho

85 2150 229 2221 parasitus
244 2143 378 2203 suaderet
391 2142 489 2200 militi:

284 2294 323 2339 ubi
340 2293 469 2338 nominabit
486 2291 628 2346 Phaedriam,
646 2299 670 2337 tu
687 2291 829 2350 Pamphilam

285 2377 401 2422 continno.
437 2375 458 2420 si
476 2375 567 2434 quando
584 2375 620 2420 illa
638 2374 697 2420 dicet
714 2375 862 2422 ‘Phaedriam

285 2458 344 2504 intro
361 2459 479 2503 mittamus
496 2456 659 2509 comissatum,’
676 2455 818 2516 Pamphilam

285 2547 406 2585 cantatum
425 2553 582 2598 provocemus.
618 2537 640 2584 Si
656 2537 756 2584 laudabit
773 2538 830 2586 haec

262 2613 264 2618 ’
287 2620 346 2667 illius
364 2621 470 2674 formam,
488 2629 512 2666 tu
529 2620 596 2666 huius
613 2629 705 2675 contra;
723 2623 821 2681 denique

286 2717 326 2764 par
342 2717 384 2763 pro
400 2702 449 2762 pari
466 2702 556 2756 referto,
573 2703 634 2763 quod
650 2717 701 2748 eam
718 2704 829 2751 mordeat.

93 2838 136 2897 sic
149 2834 237 2912 petivi
251 2852 269 2892 a
282 2834 424 2892 iudicibus
437 2843 477 2904 ut,
489 2834 628 2909 quoniam
642 2834 760 2909 quidam
775 2834 887 2893 nobiles
901 2834 1032 2910 homines

91 2935 179 2994 etde
200 2952 248 2991 me
270 2933 379 3008 optime
400 2932 492 2989 meriti
513 2932 599 2989 nimis
620 2941 749 2989 amarent
769 2932 917 2995 inimicum
935 2951 1033 2990 meum

92 3050 201 3108 meque
229 3032 410 3107 inspectante
438 3048 525 3105 saepe
553 3047 619 3087 eum
644 3029 673 3085 in
698 3039 799 3087 senatu
822 3032 912 3088 modo
937 3049 1033 3090 severe

96 3132 279 3199 seducerent,
293 3129 384 3186 modo
404 3127 576 3185 familiariter
595 3137 680 3202 atque
694 3126 781 3185 hilare
796 3129 1033 3204 amplexarentur,

95 3229 294 3306 quoniamque
311 3225 349 3283 illi
368 3224 506 3282 habereut
525 3243 609 3282 suum
624 3224 765 3296 Publium,
782 3225 881 3284 darent
895 3227 963 3283 mihi
978 3228 1033 3302 ipsi

95 3328 185 3386 alium
201 3324 342 3394 Publium,
352 3324 382 3380 in
394 3340 452 3398 quo
467 3341 585 3398 possem
600 3323 712 3380 illorum
727 3325 840 3381 animos
854 3324 1035 3383 mediocriter

93 3425 246 3485 lacessitus
260 3423 357 3481 leviter
371 3439 547 3497 repungere3
569 3439 664 3498 neque
682 3421 776 3480 solum
796 3423 862 3492 dixi,
877 3421 930 3480 sed
948 3422 1035 3480 etiam

538 3535 558 3578 G
576 3536 591 3576 a
