2348 3788
121 185 184 266 246
237 212 240 217 =
392 198 431 250 m.
459 197 578 248 aaran
600 195 789 249 cronacum
957 186 1014 272 [nr
1027 203 1054 253 u.

24 352 26 356 ’
121 357 286 417 Archilochi
310 358 432 429 iambus,
454 359 496 417 sic
519 358 641 435 epistola
664 365 713 417 tua
736 358 908 436 longissima
927 377 1056 437 quaeque

120 456 232 530 optima
256 455 374 514 videtur.
416 455 506 528 Quod
529 476 577 515 me
602 457 752 527 admones,
773 467 805 514 tu
828 474 897 515 vero
921 459 1010 516 etiam
1036 459 1057 516 si

121 553 353 626 reprehenderes,
374 573 436 613 non
456 555 547 616 modo
572 553 655 613 facile
679 563 799 629 paterer,
821 554 874 612 sed
894 555 984 613 etiam
1004 555 1057 614 lae·

120 659 202 720 tarer,
224 651 331 725 quippe
352 670 419 709 cum
444 653 475 710 in
499 652 723 728 reprehensione
748 652 784 710 sit
811 651 967 728 prudentia
994 671 1058 712 cum

120 749 240 819 εὐμενείᾳ.
282 748 327 806 Ita
345 749 466 808 libenter
480 769 515 808 ea
529 750 681 824 corrigam,
696 766 770 824 quae
783 767 801 806 a
814 758 843 806 te
857 750 1059 810 animadversa

120 854 194 900 sunt.
237 843 368 904 ‘Eodem
393 848 461 917 iure,
483 861 542 923 quo
564 846 725 919 Rubriana’
746 846 851 922 potius,
873 864 965 922 quam
987 853 1059 924 ‘quo

120 939 281 1015 Scipionis,'
301 953 330 1001 et
351 943 387 1001 de
408 943 540 1001 laudibus
565 943 732 1001 Dolabellae
758 943 877 1001 deruam
901 946 1058 1004 cumulum.

118 1039 162 1098 Ac
176 1049 273 1097 tamen
288 1050 332 1098 est
346 1041 401 1099 isto
415 1041 481 1099 loco
494 1041 578 1111 bella,
589 1050 620 1098 ut
634 1040 704 1097 mihi
718 1040 837 1112 videtur,
847 1042 973 1115 εἰρωνεία,
983 1044 1060 1121 quod

117 1155 183 1194 eum
198 1147 241 1195 ter
254 1147 356 1196 contra
370 1139 446 1198 cives
460 1141 490 1197 in
504 1140 573 1198 acie.
617 1139 693 1197 Illud
711 1140 798 1197 etiam
817 1140 896 1199 malo
911 1143 952 1212 ‘†
967 1142 1059 1219 indig-

118 1236 182 1293 nius
197 1254 261 1295 esse
275 1236 352 1295 hunc
363 1235 473 1295 vivere'
489 1255 576 1313 quam
592 1237 679 1313 ‘quid
697 1237 876 1312 indigniusi'
913 1257 941 1314 3.
963 1247 1059 1297 πεπλν·

118 1337 231 1407 γραφίαν
252 1334 393 1418 Varronis
416 1337 467 1394 tibi
491 1337 607 1411 probari
631 1353 693 1394 non
717 1335 839 1394 moleste
863 1335 935 1409 fero,
959 1357 977 1396 a
1001 1359 1059 1417 quo

119 1432 213 1492 adhuc
228 1435 427 1505 ‘Hpaxhcldaov
441 1433 513 1491 illud
532 1452 592 1492 non
611 1433 722 1492 abstuli.
766 1432 855 1506 Quod
872 1453 922 1492 me
935 1435 1059 1496 hortaris

117 1531 155 1587 ad
169 1530 362 1601 scribendum,
375 1532 469 1613 'amice
484 1541 515 1588 tu
529 1531 654 1607 quidem,
670 1532 723 1590 sed
736 1550 784 1590 me
798 1533 872 1590 scito
887 1551 976 1608 agere
990 1537 1059 1594 nihil

117 1628 201 1685 aliud.
244 1626 392 1685 Gravedo
405 1638 455 1686 tua
479 1629 549 1688 mihi
573 1629 698 1695 molesta
718 1639 778 1689 est:
803 1647 921 1705 quaeso,
944 1632 1058 1706 adhibe,

116 1743 204 1800 quam
226 1725 310 1797 soles
330 1725 515 1800 diligentiam.
557 1726 603 1786 ‘O
623 1725 703 1785 Tite’
722 1727 773 1784 tibi
794 1727 935 1804 prodesse
956 1730 1057 1803 laetor.

116 1824 264 1898 Anagnini
285 1833 351 1880 sunt
372 1822 499 1882 Mustela
516 1825 654 1898 ναξιάρχης
673 1833 701 1881 et
722 1824 809 1896 Lac0,
824 1827 879 1901 ‘qui
901 1825 1058 1902 plurimum

117 1923 196 1979 bibit.
239 1920 366 1991 Librum,
390 1938 478 1995 quem
505 1938 600 1996 rogas
626 1922 787 1997 perpoliam
811 1932 840 1980 et
863 1924 987 1984 mittam.
1031 1921 1074 1998 4.'

117 2020 201 2078 Haec
224 2020 261 2077 ad
288 2020 487 2094 posteriorem.
529 2023 566 2075 Τὰ
585 2020 647 2092 περί
667 2027 713 2076 νοῦ
735 2021 892 2092 καθήκοντος
913 2009 1059 2098 quatenus

117 2119 277 2187 Panaetius,
293 2117 404 2175 absolvi
419 2118 550 2176 duobus:
571 2116 645 2174 illius
660 2127 716 2176 tres
731 2128 805 2189 sunt,
821 2120 873 2177 sed
888 2138 957 2178 cum
976 2123 1059 2181 initio

116 2217 255 2274 divisisset
270 2217 316 2286 ita,
326 2217 379 2273 tria
392 2233 499 2290 genera
513 2215 681 2290 exquirendi
696 2216 782 2275 officii
797 2235 869 2288 esse,
879 2236 980 2289 unum,
990 2239 1059 2278 cum

116 2313 314 2384 deliberemus,
340 2313 495 2371 honestum
523 2331 561 2370 an
588 2323 670 2388 turpe
699 2314 743 2384 sit,
767 2314 896 2386 alterum,
921 2317 992 2375 utile
1021 2337 1059 2376 an

116 2411 221 2480 inutile,
237 2412 359 2481 tertium,
374 2430 442 2468 cum
461 2411 533 2468 haec
547 2411 620 2467 inter
634 2428 666 2468 se
680 2429 809 2487 pugnare
823 2412 982 2487 videantur,
998 2435 1058 2493 quo

116 2509 206 2566 modo
225 2509 475 2580 iudicandumvsit,
491 2508 583 2583 qualis
601 2525 690 2566 causa
709 2508 822 2584 Reguli,
837 2511 930 2568 redire
950 2512 1060 2574 hones-

116 2618 185 2676 tum,
205 2624 323 2663 manere
343 2606 421 2676 utile,
440 2605 477 2664 de
496 2605 609 2663 duobus
629 2605 729 2679 primis
748 2607 894 2681 praeclare
915 2609 1058 2682 disseruit,

117 2706 152 2762 de
170 2705 253 2760 tertio
272 2703 424 2778 pollicetur
443 2722 473 2762 se
494 2703 638 2777 deinceps,
655 2703 707 2760 sed
726 2704 795 2760 nihil
814 2706 936 2780 scripsit.
979 2709 1059 2769 Eum

115 2804 211 2859 locum
240 2801 414 2860 Posidonius
442 2812 610 2878 persecutus
637 2808 697 2871 est,·
728 2819 785 2877 ego
813 2813 910 2862 autem
937 2816 967 2864 et
995 2810 1059 2868 eius

115 2902 217 2957 librum
232 2901 364 2956 arcessivi
380 2911 408 2957 et
423 2900 461 2957 ad
474 2899 696 2977 Athenodorum
712 2899 833 2957 Calvum
847 2904 958 2977 scripsi,
973 2916 1006 2963 ut
1021 2909 1059 2966 ad

116 3018 163 3056 me
190 3000 222 3053 τὰ
248 2999 375 3068 κεφάλαια
405 2998 536 3067 mitteret,
566 3015 641 3071 quae
665 2984 806 3072 'exspecto
817 3019 825 3072 ;
855 3017 944 3074 quem
972 3005 1059 3062 velim

116 3096 264 3152 cohortere
279 3102 308 3151 et
321 3111 416 3168 roges,
430 3104 462 3150 ut
477 3112 565 3169 quam
584 3095 717 3168 primum.
760 3096 796 3152 In
815 3115 851 3154 eo
870 3107 914 3155 est
932 3104 992 3173 περὶ
1012 3108 1059 3158 τοῦ

115 3197 178 3249 κατὰ
199 3195 352 3266 περίστασιν
376 3193 533 3261 καθήκοντος.
585 3190 674 3261 Quod
697 3192 733 3250 de
756 3190 942 3270 inscriptione
967 3217 1059 3274 quae-

116 3292 162 3358 ris,
186 3309 247 3348 non
268 3290 367 3347 dubito
387 3290 456 3365 quin
475 3291 582 3358 καθῆκον
603 3288 762 3346 ‘officium’
787 3292 831 3361 sit,
854 3293 908 3350 nisi
932 3297 1003 3369 quid
1027 3309 1058 3357 tu

116 3387 201 3456 aliud,
217 3387 269 3445 sed
283 3387 429 3463 inscriptio
443 3386 554 3450 plenior
569 3387 621 3434 ‘dc
636 3387 754 3440 officiis’
789 3395 944 3463 Προσφωνῶ
959 3404 1058 3453 autem
