2356 3810
74 229 134 290 app.
147 237 188 290 33,
201 205 255 300 34]
272 223 384 274 amsa.
406 224 456 272 Ao
476 222 697 272 rAMrrmRrs
722 221 796 273 rrrr.
814 206 842 274 8.
969 221 1012 290 95

75 375 129 433 sed
155 392 221 433 cum
249 383 367 433 senatus
394 373 509 432 habitus
537 383 614 433 esset
641 373 679 431 ad
703 372 844 448 Apollinis
872 388 897 429 a.
922 370 949 429 d.
974 389 1011 429 xr.

76 471 144 530 Kal.
162 471 238 531 Sext.
253 482 282 530 et
301 471 451 530 referretur
468 471 506 530 de
526 471 669 547 stipendio
684 469 737 529 Cn.
751 469 890 545 Pompeii,
904 468 1012 524 mentio

76 570 153 628 facta
172 579 216 628 est
235 571 271 628 de
291 569 405 643 legione
423 587 466 638 ea,
486 587 575 645 quam
593 585 751 643 expensam
769 567 831 624 tulit
850 564 883 624 C.
899 563 1015 623 Caesari

77 667 245 743 Pompeius,
267 684 327 742 quo
350 684 473 724 numero
499 674 582 736 esset,
605 664 704 740 quoad
728 672 877 739 peteretur.
908 660 1016 731 †Cum

78 763 237 839 Pompeius
259 768 339 820 ‘esse
359 764 390 819 in
414 760 526 833 Gallia,’
546 770 663 820 coactus
683 770 727 819 est
748 761 841 818 dicere
861 760 1017 836 Pompeius

78 875 111 914 se
130 856 277 932 legionem
296 856 495 925 abducturum,
510 855 561 913 sed
579 872 641 912 non
660 855 755 912 statim
774 854 828 912 sub
841 854 1018 912 mentionem

79 965 109 1014 et
140 955 298 1013 convitium
326 954 551 1012 obtrectatorum
563 971 571 1025 ;
607 953 674 1010 inde
701 952 890 1028 interrogatus
916 958 957 1010 est
982 941 1031 1010 de'

79 1051 266 1112 successione
287 1048 321 1108 C.
340 1049 480 1121 Caesaris,
503 1051 539 1109 de
561 1069 619 1126 qua
641 1045 709 1130 [hoc
730 1059 774 1108 est
793 1049 830 1109 de
851 1044 1017 1130 provinciis]

79 1150 219 1225 placitum
243 1157 295 1218 est,
319 1157 350 1204 ut
375 1165 463 1223 quam
490 1147 616 1222 primum
644 1147 681 1204 ad
708 1147 808 1205 urbem
835 1156 1019 1205 reverteretur

81 1246 137 1304 Cn.
152 1245 318 1321 Pompeius,
333 1254 364 1302 ut
380 1262 479 1302 coram
495 1263 532 1302 eo
552 1245 588 1303 de
608 1244 791 1303 successione
810 1244 1018 1320 provinciarum

82 1353 215 1421 ageretur
225 1362 235 1415 ,-
261 1361 335 1400 anam
357 1341 520 1399 Ariminum
541 1342 578 1400 ad
602 1341 758 1399 exercitum
782 1341 936 1417 Pompeius
959 1351 1020 1398 erat

81 1445 181 1511 iturus
202 1449 231 1498 et
252 1441 347 1498 statim
368 1440 406 1498 iit.
448 1440 523 1497 Puto
545 1439 645 1497 Idibus
668 1439 745 1498 Sext.
763 1440 799 1497 de
820 1457 855 1498 ea
875 1458 905 1497 re
923 1449 1019 1497 actum

82 1540 125 1596 iri.
167 1537 300 1596 Profecto
322 1547 372 1595 aut
392 1537 564 1612 transigetur
584 1536 699 1612 aliquid,
721 1546 769 1595 aut
793 1537 911 1613 turpiter
934 1538 1020 1595 inter·

83 1637 209 1694 cedetur.
253 1634 331 1692 Nam
351 1635 382 1692 in
403 1634 578 1711 disputando
601 1635 724 1694 coniecit
744 1635 821 1693 illam
841 1653 944 1694 vocem
965 1635 1018 1693 Cn.

83 1735 251 1810 Pompeius,
272 1751 376 1791 omnes
395 1743 528 1808 oportere
549 1733 660 1790 senatui
681 1733 759 1791 dicto
779 1733 927 1792 audientes
949 1752 1020 1792 esse.

83 1833 151 1908 Ego
186 1843 284 1889 tamen
319 1831 360 1888 sic
383 1830 465 1888 ·nihil
500 1839 645 1904 exspecto,
676 1849 735 1908 quo
768 1831 857 1890 modo
891 1831 1021 1901 Paulum,

84 1929 236 1989 consulem
272 1929 462 2004 designatum,
497 1928 624 2003 primum
660 1929 831 1987 sententiam
870 1929 1021 1990 dicentem.

85 2043 113 2101 5.
137 2027 259 2102 Saepius
286 2036 315 2084 te
344 2027 489 2084 admoneo
519 2026 555 2083 de
580 2027 744 2103 syngrapha
768 2026 904 2100 Sittiana3
936 2029 1023 2104 cupio

84 2127 164 2184 enim
192 2135 221 2182 te
248 2123 413 2199 intellegere
440 2142 505 2181 eam
533 2142 594 2181 rem
618 2125 656 2182 ad
683 2143 730 2182 me
754 2124 835 2182 valde
862 2125 1002 2201 pertinere
1013 2146 1023 2198 ;

85 2225 156 2281 item
185 2222 221 2280 de
248 2222 406 2297 pantheris,
429 2230 461 2278 ut
490 2220 639 2297 Cibyratas
667 2240 795 2281 arcessas
822 2240 970 2299 curesque,
991 2235 1024 2282 ut

85 2321 158 2378 mihi
184 2319 339 2390 vehantur;
374 2328 521 2394 praeterea
547 2318 709 2376 nuntiatum
738 2318 822 2377 nobis
850 2327 890 2377 cst
914 2331 942 2378 et
969 2340 1023 2397 pro

86 2427 166 2476 certo
185 2417 243 2474 iam
264 2416 392 2486 habetur,
409 2434 508 2492 regem
525 2415 751 2473 Alexandrinum
771 2426 933 2490 mortuum3
955 2420 1025 2495 quid

85 2516 157 2573 mihi
183 2514 313 2585 suadeas,
336 2533 396 2590 quo
420 2515 511 2572 modo
535 2533 657 2589 regnum
678 2515 746 2574 illud
768 2534 800 2575 se
824 2516 936 2588 habeat,
961 2519 1025 2594 quis

86 2622 231 2690 procuret,
246 2613 396 2688 diligenter
410 2612 478 2670 mihi
494 2613 660 2688 perscribas.
703 2613 742 2672 K.
758 2613 836 2674 Sext

272 2790 319 2844 34.
361 2784 418 2844 ΑΙ)
438 2785 688 2844 FAMILIARES
709 2785 794 2845 VIII.
817 2791 846 2848 8.

160 2897 226 2960 Scn.
250 2899 358 2959 Rouna
378 2919 504 2960 maurim
525 2920 618 2960 urrisu
639 2901 772 2962 Oc‘roam
792 2921 875 2963 auc.
899 2915 914 2976 7
941 2922 967 2978 3.

203 3009 204 3013 ’
383 3026 502 3068 cramus
522 3026 656 3068 crearem
676 3027 736 3068 sar„

134 3137 160 3178 1.
181 3118 253 3179 Easr
274 3121 311 3180 de
328 3139 358 3179 re
377 3122 493 3197 publica
512 3140 586 3199 quae
605 3123 655 3181 tibi
675 3125 798 3182 scribam
814 3124 918 3195 habeo,
933 3133 1030 3181 tamen

89 3217 162 3275 nihil
197 3219 278 3294 quod
310 3221 404 3295 magis
434 3222 598 3295 gavisumm
633 3233 661 3280 te
691 3233 790 3297 putem
820 3224 915 3281 habeo
943 3239 1031 3297 quam

90 3315 166 3374 hoc:
200 3318 273 3375 scito
302 3316 335 3375 C.
358 3317 563 3394 Sempronium
593 3319 712 3391 Rufum,
740 3315 886 3400 [Rufum]
911 3319 968 3377 mel
997 3337 1031 3377 ac

91 3413 211 3472 delicias
225 3423 298 3486 tuas,
310 3415 484 3473 calumniam
499 3417 628 3476 maximo
643 3418 746 3494 plausu
760 3417 866 3477 tulisse.
908 3416 1032 3489 Quaeris
