2348 3788
176 190 237 272 164
443 203 490 258 m·
506 203 625 253 curan
642 203 828 253 crcaaours
985 185 1056 270 [rm
1066 198 1113 249 111.

176 363 245 421 dum
264 361 337 420 haec
358 361 557 432 decernuntur,
572 379 647 436 quae
667 362 726 419 iam
747 368 829 418 erunt
850 357 990 433 confecta.
1034 356 1071 415 Id
1091 356 1115 413 si

175 459 284 530 feceris,
300 469 328 517 et
345 477 401 534 ego
420 468 449 517 te
471 460 615 536 sapienter
632 458 891 518 fecisseiudicabo
910 465 939 514 et
958 454 1116 514 Caesarem

176 575 237 616 non
250 557 390 616 offendes.

345 719 421 773 ro.
460 713 519 772 nn
535 694 791 773 'ruminamus
812 711 851 771 Π.
877 711 921 770 16.

295 827 361 888 Son.
382 847 413 887 ur
433 827 561 887 Cunaro
581 845 675 888 unusn
695 829 802 886 Arnnr
821 844 905 885 nuc.
929 839 997 900 705.

393 953 423 994 u.
446 952 549 993 c1cnno
569 951 628 992 rur.
649 951 671 993 s.
693 952 721 992 n.
742 951 772 991 u
792 950 903 992 cancro.

224 1065 251 1108 1.
271 1047 384 1108 Maouo
402 1048 503 1107 dolore
520 1067 567 1106 me
584 1047 757 1106 adfecissent
775 1056 841 1108 tuae
857 1046 975 1118 litterae,
990 1047 1045 1105 nisi
1059 1047 1119 1106 iam

180 1155 208 1205 et
222 1147 293 1204 ratio
310 1147 373 1222 ipsa
390 1146 546 1221 depulisset
564 1163 667 1204 omnes
686 1145 833 1203 molestias
852 1153 881 1202 et
902 1144 1035 1202 diuturna
1052 1144 1118 1202 des·

180 1245 329 1319 peratione
343 1263 439 1303 rerum
458 1242 643 1302 obduruisset
657 1243 770 1301 animus
786 1243 823 1300 ad
842 1241 973 1300 dolorem
992 1260 1102 1300 novum
1111 1260 1118 1312 ;

181 1343 233 1400 sed
247 1351 352 1413 tamen,
365 1359 423 1417 qua
436 1361 467 1399 re
481 1340 616 1400 acciderit
629 1349 661 1398 ut
674 1359 710 1398 ex
725 1341 797 1398 meis
812 1340 1005 1415 superioribus
1020 1339 1120 1397 litteris

181 1438 211 1496 id
226 1439 411 1514 suspicarere,
427 1438 506 1514 quod
521 1438 628 1509 scribis,
643 1438 757 1497 nescio:
779 1438 849 1514 quid
863 1438 941 1495 eninr
954 1437 985 1495 in
998 1438 1053 1495 illis
1068 1437 1121 1495 fuit

182 1547 294 1613 praeter
314 1536 461 1611 querelam
481 1537 665 1612 temporum?
694 1555 768 1612 quae
790 1553 850 1594 non
870 1553 969 1593 meum
989 1536 1121 1593 animum

182 1635 276 1710 magis
304 1634 456 1692 sollicitum
480 1633 587 1691 habent
615 1652 704 1710 quam
727 1643 817 1691 tuum.
860 1632 938 1690 Nam
966 1650 1027 1691 non
1054 1651 1121 1690 eam

183 1732 309 1806 cognovi
328 1731 420 1788 aciem
434 1731 542 1806 ingenii
556 1731 605 1802 tui,
621 1732 701 1807 quod
715 1732 777 1806 ipse
791 1730 913 1800 videam,
928 1739 956 1788 te
970 1730 1000 1787 id
1014 1740 1045 1788 ut
1059 1749 1122 1788 non

184 1839 283 1905 putem
306 1829 418 1886 videre:
446 1828 516 1886 illud
534 1829 636 1900 miror,
662 1829 767 1887 adduci
787 1828 915 1903 potuisse
937 1837 974 1898 te,
999 1830 1050 1904 qui
1074 1848 1122 1887 me

185 1928 298 2003 penitus
313 1944 400 1984 nosse
418 1926 546 1996 deberes
561 1937 592 1984 ut
609 1927 787 1984 existimares
801 1934 851 1982 aut
869 1943 916 1982 me
935 1935 995 1983 tam
1014 1927 1122 2002 impro-

185 2025 291 2095 vidum,
314 2025 362 2101 qui
387 2024 423 2081 ab
445 2024 569 2081 excitata
589 2024 704 2082 fortuna
724 2023 763 2081 ad
787 2021 953 2080 inclinatam
977 2032 1006 2080 et
1029 2041 1123 2100 prope

186 2125 328 2180 iacentem
343 2121 543 2192 desciscerem,
559 2129 607 2178 aut
620 2130 679 2178 tam
693 2121 913 2190 inconstantem,
925 2129 957 2177 ut
971 2121 1124 2180 collectam

188 2221 309 2296 gratiam
329 2219 523 2278 florentissimi
543 2218 668 2277 hominis
690 2218 868 2276 effunderem
892 2237 910 2275 a
934 2236 1039 2294 meque
1061 2220 1125 2295 ipse

189 2318 342 2375 deficerem
361 2327 397 2389 et,
412 2317 493 2393 quod
511 2317 592 2374 initio
614 2334 785 2393 semperque
804 2315 873 2390 fugi,
889 2315 962 2373 civili
983 2317 1059 2374 bello
1082 2318 1125 2373 in-

188 2425 336 2473 teressem.
379 2435 406 2473 2.
428 2415 518 2487 Quod
535 2423 578 2472 est
596 2415 682 2490 igitur
702 2433 800 2472 meum
822 2414 919 2472 ‘triste
934 2416 1126 2475 consilium’l

128 2516 130 2518 ’
189 2522 221 2570 ut
239 2512 414 2570 discederem
428 2511 549 2570 fortasse
564 2511 592 2568 in
612 2512 721 2587 aliquas
743 2511 933 2569 solitudines?
954 2514 1032 2570 nosti
1045 2515 1126 2574 enim

190 2627 250 2667 non
277 2609 367 2667 modo
395 2607 537 2667 stomachi
564 2610 630 2679 mei,
659 2609 739 2667 cuius
766 2618 798 2665 tu
825 2608 946 2665 similem
974 2590 1127 2684 quondam

189 2707 326 2777 habebas,
352 2706 403 2764 sed
427 2707 513 2765 etiam
536 2707 687 2765 oculorum
709 2707 740 2763 in
763 2705 915 2764 hominum
939 2706 1127 2767 insolentium

190 2803 359 2878 indignitate
373 2803 534 2878 fastidium;
555 2804 667 2862 accedit
685 2804 771 2860 etiam
790 2802 912 2860 molesta
930 2802 1002 2861 haec
1015 2821 1128 2882 pompa

190 2902 323 2961 lictorum
342 2919 475 2959 meorum
494 2919 661 2976 nomenque
675 2901 795 2975 imperii,
810 2917 869 2975 quo
884 2901 1029 2975 appellor:
1051 2921 1089 2962 eo
1104 2905 1128 2963 si

192 3017 278 3058 onere
299 3017 436 3070 carerem,
454 2999 584 3075 quamvis
604 2998 697 3074 parvis
719 2997 818 3055 ltaliae
838 2997 953 3056 latebris
974 3009 1128 3060 contentus

193 3114 295 3155 essem.
338 3095 396 3154 Sed
419 3096 536 3154 incurrit
557 3095 629 3152 haec
653 3105 752 3152 nostra
773 3094 869 3152 laurus
892 3112 953 3152 non
977 3095 1073 3153 solum
1098 3098 1128 3155 in

193 3194 301 3264 oculos,
324 3193 375 3251 sed
396 3192 454 3251 iam
478 3192 563 3250 etiam
588 3193 617 3238 ln
639 3191 751 3250 rocula<
789 3191 995 3249 nalevolorum.
1037 3192 1129 3265 Quod

194 3310 261 3350 cum
285 3290 324 3348 ita
348 3298 431 3361 esset,
456 3289 497 3347 nil
522 3321 605 3347 tau--
644 3307 769 3342 amour-u
822 3307 846 3334 e
868 3287 1048 3348 urelectione
1072 3291 1130 3349 nisi

193 3389 277 3446 vobis
304 3386 529 3465 adprobantibus
782 3423 783 3429 κ
909 3385 1055 3445 praediola
1078 3389 1130 3446 tibi
