<?xml version="1.0" encoding="UTF-8"?>
<!DOCTYPE html PUBLIC "-//W3C//DTD XHTML 1.0 Transitional//EN"
    "http://www.w3.org/TR/xhtml1/DTD/xhtml1-transitional.dtd">
<html xmlns="http://www.w3.org/1999/xhtml" xml:lang="en" lang="en">
 <head>
  <title>
</title>
<meta http-equiv="Content-Type" content="text/html;charset=utf-8" />
  <meta name='ocr-system' content='tesseract 3.04.00' />
  <meta name='ocr-capabilities' content='ocr_page ocr_carea ocr_par ocr_line ocrx_word'/>
</head>
<body>
  <div class='ocr_page' id='page_1' title='image "./epistolaeselect01cicegoog/epistolaeselect01cicegoog_0068.png"; bbox 0 0 2356 3810; ppageno 0'>
   <div class='ocr_carea' id='block_1_1' title="bbox 112 224 1048 308">
    <p class='ocr_par' dir='ltr' id='par_1_1' title="bbox 112 224 1048 308">
     <span class='ocr_line' id='line_1_1' title="bbox 112 224 1048 308; baseline -0.01 -17"><span class='ocrx_word' id='word_1_1' title='bbox 112 240 152 308; x_wconf 85' lang='lat'>52</span> <span class='ocrx_word' id='word_1_2' title='bbox 197 238 235 290; x_wconf 78' lang='lat' dir='ltr'>u.</span> <span class='ocrx_word' id='word_1_3' title='bbox 259 237 377 288; x_wconf 75' lang='lat' dir='ltr'>rotun</span> <span class='ocrx_word' id='word_1_4' title='bbox 397 236 583 288; x_wconf 73' lang='lat' dir='ltr'>eternorum</span> <span class='ocrx_word' id='word_1_5' title='bbox 603 236 658 283; x_wconf 75' lang='lat' dir='ltr'>er.</span> <span class='ocrx_word' id='word_1_6' title='bbox 680 233 737 285; x_wconf 76' lang='lat' dir='ltr'>ru.</span> <span class='ocrx_word' id='word_1_7' title='bbox 758 231 839 284; x_wconf 77' lang='lat' dir='ltr'>arr.</span> <span class='ocrx_word' id='word_1_8' title='bbox 861 235 916 282; x_wconf 81' lang='grc' dir='ltr'>ιιι.</span> <span class='ocrx_word' id='word_1_9' title='bbox 941 237 992 303; x_wconf 86' lang='lat'>23.</span> <span class='ocrx_word' id='word_1_10' title='bbox 1046 224 1048 227; x_wconf 82' lang='grc'><strong>’</strong></span> 
     </span>
    </p>
   </div>
   <div class='ocr_carea' id='block_1_2' title="bbox 33 391 1085 3201">
    <p class='ocr_par' dir='ltr' id='par_1_2' title="bbox 61 391 1057 1641">
     <span class='ocr_line' id='line_1_2' title="bbox 112 391 1052 471; baseline -0.009 -15"><span class='ocrx_word' id='word_1_11' title='bbox 112 415 216 456; x_wconf 87' lang='lat' dir='ltr'>omnes</span> <span class='ocrx_word' id='word_1_12' title='bbox 230 397 260 454; x_wconf 89' lang='lat' dir='ltr'>in</span> <span class='ocrx_word' id='word_1_13' title='bbox 278 393 447 471; x_wconf 85' lang='lat' dir='ltr'>abrogando</span> <span class='ocrx_word' id='word_1_14' title='bbox 464 400 612 451; x_wconf 79' lang='lat' dir='ltr'>ulermlur.</span> <span class='ocrx_word' id='word_1_15' title='bbox 653 392 695 450; x_wconf 87' lang='lat' dir='ltr'>Ut</span> <span class='ocrx_word' id='word_1_16' title='bbox 711 391 853 449; x_wconf 87' lang='lat' dir='ltr'><strong>Ninnium</strong></span> <span class='ocrx_word' id='word_1_17' title='bbox 871 401 921 448; x_wconf 81' lang='lat' dir='ltr'>aut</span> <span class='ocrx_word' id='word_1_18' title='bbox 938 400 1052 449; x_wconf 89' lang='lat' dir='ltr'>ceteros</span> 
     </span>
     <span class='ocr_line' id='line_1_3' title="bbox 114 490 1053 571; baseline -0.006 -19"><span class='ocrx_word' id='word_1_19' title='bbox 114 495 219 571; x_wconf 78' lang='lat' dir='ltr'>fugerit</span> <span class='ocrx_word' id='word_1_20' title='bbox 237 494 389 567; x_wconf 82' lang='lat' dir='ltr'>investiges</span> <span class='ocrx_word' id='word_1_21' title='bbox 410 492 496 549; x_wconf 69' lang='lat' dir='ltr'>uelim</span> <span class='ocrx_word' id='word_1_22' title='bbox 515 502 544 548; x_wconf 93' lang='lat' dir='ltr'>et</span> <span class='ocrx_word' id='word_1_23' title='bbox 564 492 632 566; x_wconf 89' lang='lat' dir='ltr'>quis</span> <span class='ocrx_word' id='word_1_24' title='bbox 649 490 772 547; x_wconf 87' lang='lat' dir='ltr'>attulerit</span> <span class='ocrx_word' id='word_1_25' title='bbox 791 499 821 547; x_wconf 88' lang='lat' dir='ltr'>et</span> <span class='ocrx_word' id='word_1_26' title='bbox 844 507 903 565; x_wconf 88' lang='lat' dir='ltr'>qua</span> <span class='ocrx_word' id='word_1_27' title='bbox 925 507 957 546; x_wconf 92' lang='lat' dir='ltr'>re</span> <span class='ocrx_word' id='word_1_28' title='bbox 981 499 1053 546; x_wconf 90' lang='lat' dir='ltr'>octo</span> 
     </span>
     <span class='ocr_line' id='line_1_4' title="bbox 114 586 1052 666; baseline -0.011 -15"><span class='ocrx_word' id='word_1_29' title='bbox 114 591 218 653; x_wconf 85' lang='lat' dir='ltr'>tribuni</span> <span class='ocrx_word' id='word_1_30' title='bbox 240 590 278 666; x_wconf 84' lang='lat' dir='ltr'>pi.</span> <span class='ocrx_word' id='word_1_31' title='bbox 298 590 339 648; x_wconf 88' lang='lat' dir='ltr'>ad</span> <span class='ocrx_word' id='word_1_32' title='bbox 359 598 492 647; x_wconf 84' lang='lat' dir='ltr'>senatum</span> <span class='ocrx_word' id='word_1_33' title='bbox 514 587 551 646; x_wconf 88' lang='lat' dir='ltr'>de</span> <span class='ocrx_word' id='word_1_34' title='bbox 574 605 622 644; x_wconf 91' lang='lat' dir='ltr'>me</span> <span class='ocrx_word' id='word_1_35' title='bbox 643 586 749 645; x_wconf 85' lang='lat' dir='ltr'>referre</span> <span class='ocrx_word' id='word_1_36' title='bbox 770 604 832 644; x_wconf 89' lang='lat' dir='ltr'>non</span> <span class='ocrx_word' id='word_1_37' title='bbox 854 586 1052 642; x_wconf 83' lang='lat' dir='ltr'>dubitarint-</span> 
     </span>
     <span class='ocr_line' id='line_1_5' title="bbox 115 684 1052 764; baseline -0.01 -15"><span class='ocrx_word' id='word_1_38' title='bbox 115 690 222 750; x_wconf 85' lang='lat' dir='ltr'>scilicet</span> <span class='ocrx_word' id='word_1_39' title='bbox 242 687 323 764; x_wconf 89' lang='lat' dir='ltr'>quod</span> <span class='ocrx_word' id='word_1_40' title='bbox 343 685 557 744; x_wconf 86' lang='lat' dir='ltr'>observandum</span> <span class='ocrx_word' id='word_1_41' title='bbox 576 684 648 742; x_wconf 88' lang='lat' dir='ltr'>illud</span> <span class='ocrx_word' id='word_1_42' title='bbox 667 694 753 760; x_wconf 83' lang='lat' dir='ltr'>caput</span> <span class='ocrx_word' id='word_1_43' title='bbox 776 702 839 742; x_wconf 85' lang='lat' dir='ltr'>non</span> <span class='ocrx_word' id='word_1_44' title='bbox 861 685 1052 758; x_wconf 82' lang='lat' dir='ltr'>putabunt-,</span> 
     </span>
     <span class='ocr_line' id='line_1_6' title="bbox 61 776 1053 860; baseline -0.008 -14"><span class='ocrx_word' id='word_1_45' title='bbox 61 776 63 779; x_wconf 53' lang='grc'>’</span> <span class='ocrx_word' id='word_1_46' title='bbox 116 788 204 846; x_wconf 73' lang='lat' dir='ltr'>idem</span> <span class='ocrx_word' id='word_1_47' title='bbox 224 786 255 844; x_wconf 90' lang='lat' dir='ltr'>iu</span> <span class='ocrx_word' id='word_1_48' title='bbox 276 785 445 860; x_wconf 87' lang='lat' dir='ltr'>abrogando</span> <span class='ocrx_word' id='word_1_49' title='bbox 467 794 527 841; x_wconf 87' lang='lat' dir='ltr'>tam</span> <span class='ocrx_word' id='word_1_50' title='bbox 548 783 624 840; x_wconf 83' lang='lat' dir='ltr'>cauti</span> <span class='ocrx_word' id='word_1_51' title='bbox 644 781 757 851; x_wconf 88' lang='lat' dir='ltr'>fuerint,</span> <span class='ocrx_word' id='word_1_52' title='bbox 777 791 809 838; x_wconf 87' lang='lat' dir='ltr'>ut</span> <span class='ocrx_word' id='word_1_53' title='bbox 830 781 860 837; x_wconf 92' lang='lat' dir='ltr'>id</span> <span class='ocrx_word' id='word_1_54' title='bbox 882 791 1053 850; x_wconf 87' lang='lat' dir='ltr'>metuerent,</span> 
     </span>
     <span class='ocr_line' id='line_1_7' title="bbox 116 878 1053 958; baseline -0.006 -16"><span class='ocrx_word' id='word_1_55' title='bbox 116 883 201 942; x_wconf 86' lang='lat' dir='ltr'>soluti</span> <span class='ocrx_word' id='word_1_56' title='bbox 215 900 282 942; x_wconf 88' lang='lat' dir='ltr'>cum</span> <span class='ocrx_word' id='word_1_57' title='bbox 295 891 398 952; x_wconf 87' lang='lat' dir='ltr'>essent,</span> <span class='ocrx_word' id='word_1_58' title='bbox 414 881 496 958; x_wconf 88' lang='lat' dir='ltr'>qnod</span> <span class='ocrx_word' id='word_1_59' title='bbox 511 899 552 939; x_wconf 91' lang='lat' dir='ltr'>ne</span> <span class='ocrx_word' id='word_1_60' title='bbox 568 881 604 938; x_wconf 93' lang='lat' dir='ltr'>iis</span> <span class='ocrx_word' id='word_1_61' title='bbox 621 879 747 954; x_wconf 84' lang='lat' dir='ltr'>quidem,</span> <span class='ocrx_word' id='word_1_62' title='bbox 762 879 811 954; x_wconf 92' lang='lat' dir='ltr'>qui</span> <span class='ocrx_word' id='word_1_63' title='bbox 832 878 898 954; x_wconf 88' lang='lat' dir='ltr'>lege</span> <span class='ocrx_word' id='word_1_64' title='bbox 910 888 1053 948; x_wconf 86' lang='lat' dir='ltr'>tenentur,</span> 
     </span>
     <span class='ocr_line' id='line_1_8' title="bbox 115 976 1054 1054; baseline -0.005 -15"><span class='ocrx_word' id='word_1_65' title='bbox 115 990 159 1038; x_wconf 87' lang='lat' dir='ltr'>est</span> <span class='ocrx_word' id='word_1_66' title='bbox 175 978 341 1039; x_wconf 85' lang='lat' dir='ltr'>curandum</span> <span class='ocrx_word' id='word_1_67' title='bbox 384 978 421 1036; x_wconf 92' lang='lat' dir='ltr'>Id</span> <span class='ocrx_word' id='word_1_68' title='bbox 440 987 528 1054; x_wconf 78' lang='lat' dir='ltr'>caput</span> <span class='ocrx_word' id='word_1_69' title='bbox 548 995 618 1035; x_wconf 89' lang='lat' dir='ltr'>sane</span> <span class='ocrx_word' id='word_1_70' title='bbox 639 976 729 1033; x_wconf 85' lang='lat' dir='ltr'>nolim</span> <span class='ocrx_word' id='word_1_71' title='bbox 751 993 843 1032; x_wconf 88' lang='lat' dir='ltr'>novos</span> <span class='ocrx_word' id='word_1_72' title='bbox 863 976 996 1034; x_wconf 84' lang='lat' dir='ltr'>tribunos</span> <span class='ocrx_word' id='word_1_73' title='bbox 1014 976 1054 1052; x_wconf 79' lang='lat' dir='ltr'>pl.</span> 
     </span>
     <span class='ocr_line' id='line_1_9' title="bbox 114 1073 1056 1152; baseline -0.003 -17"><span class='ocrx_word' id='word_1_74' title='bbox 114 1075 196 1147; x_wconf 76' lang='lat' dir='ltr'>ferre,</span> <span class='ocrx_word' id='word_1_75' title='bbox 219 1076 272 1135; x_wconf 88' lang='lat' dir='ltr'>sed</span> <span class='ocrx_word' id='word_1_76' title='bbox 297 1074 442 1152; x_wconf 85' lang='lat' dir='ltr'>perferant</span> <span class='ocrx_word' id='word_1_77' title='bbox 468 1074 560 1132; x_wconf 90' lang='lat' dir='ltr'>modo</span> <span class='ocrx_word' id='word_1_78' title='bbox 587 1073 751 1149; x_wconf 88' lang='lat' dir='ltr'>quidlubet:</span> <span class='ocrx_word' id='word_1_79' title='bbox 779 1090 840 1130; x_wconf 92' lang='lat' dir='ltr'>uno</span> <span class='ocrx_word' id='word_1_80' title='bbox 864 1075 968 1148; x_wconf 79' lang='lat' dir='ltr'>capite,</span> <span class='ocrx_word' id='word_1_81' title='bbox 992 1092 1056 1148; x_wconf 90' lang='lat' dir='ltr'>quo</span> 
     </span>
     <span class='ocr_line' id='line_1_10' title="bbox 115 1172 1053 1246; baseline -0.002 -14"><span class='ocrx_word' id='word_1_82' title='bbox 115 1176 279 1246; x_wconf 84' lang='lat' dir='ltr'>revocabor,</span> <span class='ocrx_word' id='word_1_83' title='bbox 307 1175 398 1233; x_wconf 91' lang='lat' dir='ltr'>modo</span> <span class='ocrx_word' id='word_1_84' title='bbox 425 1192 473 1232; x_wconf 85' lang='lat' dir='ltr'>res</span> <span class='ocrx_word' id='word_1_85' title='bbox 499 1172 674 1242; x_wconf 84' lang='lat' dir='ltr'>conficiatur,</span> <span class='ocrx_word' id='word_1_86' title='bbox 700 1189 750 1229; x_wconf 90' lang='lat' dir='ltr'>ero</span> <span class='ocrx_word' id='word_1_87' title='bbox 778 1181 937 1230; x_wconf 79' lang='lat' dir='ltr'>contentus</span> <span class='ocrx_word' id='word_1_88' title='bbox 989 1172 1053 1230; x_wconf 85' lang='lat' dir='ltr'>lam</span> 
     </span>
     <span class='ocr_line' id='line_1_11' title="bbox 116 1270 1057 1351; baseline -0.004 -19"><span class='ocrx_word' id='word_1_89' title='bbox 116 1273 227 1332; x_wconf 87' lang='lat' dir='ltr'>dudum</span> <span class='ocrx_word' id='word_1_90' title='bbox 241 1273 330 1351; x_wconf 88' lang='lat' dir='ltr'>pudet</span> <span class='ocrx_word' id='word_1_91' title='bbox 343 1282 405 1331; x_wconf 89' lang='lat' dir='ltr'>tam</span> <span class='ocrx_word' id='word_1_92' title='bbox 417 1271 506 1329; x_wconf 87' lang='lat' dir='ltr'>multa</span> <span class='ocrx_word' id='word_1_93' title='bbox 520 1271 660 1341; x_wconf 88' lang='lat' dir='ltr'>scribere;</span> <span class='ocrx_word' id='word_1_94' title='bbox 682 1286 782 1331; x_wconf 85' lang='lat' dir='ltr'>vereor</span> <span class='ocrx_word' id='word_1_95' title='bbox 795 1270 874 1326; x_wconf 91' lang='lat' dir='ltr'>enim</span> <span class='ocrx_word' id='word_1_96' title='bbox 888 1288 926 1327; x_wconf 89' lang='lat' dir='ltr'>ne</span> <span class='ocrx_word' id='word_1_97' title='bbox 942 1287 974 1328; x_wconf 89' lang='lat' dir='ltr'>re</span> <span class='ocrx_word' id='word_1_98' title='bbox 994 1271 1057 1328; x_wconf 89' lang='lat' dir='ltr'>iam</span> 
     </span>
     <span class='ocr_line' id='line_1_12' title="bbox 116 1367 1055 1447; baseline -0.004 -17"><span class='ocrx_word' id='word_1_99' title='bbox 116 1371 267 1447; x_wconf 87' lang='lat' dir='ltr'>desperata</span> <span class='ocrx_word' id='word_1_100' title='bbox 280 1371 368 1446; x_wconf 87' lang='lat' dir='ltr'>legas,</span> <span class='ocrx_word' id='word_1_101' title='bbox 377 1380 409 1428; x_wconf 90' lang='lat' dir='ltr'>ut</span> <span class='ocrx_word' id='word_1_102' title='bbox 422 1369 493 1427; x_wconf 80' lang='lat' dir='ltr'>haec</span> <span class='ocrx_word' id='word_1_103' title='bbox 506 1387 574 1426; x_wconf 87' lang='lat' dir='ltr'>mea</span> <span class='ocrx_word' id='word_1_104' title='bbox 583 1368 729 1443; x_wconf 86' lang='lat' dir='ltr'>diligentia</span> <span class='ocrx_word' id='word_1_105' title='bbox 739 1367 910 1425; x_wconf 88' lang='lat' dir='ltr'>miserabilis</span> <span class='ocrx_word' id='word_1_106' title='bbox 917 1368 978 1438; x_wconf 87' lang='lat' dir='ltr'>tibi,</span> <span class='ocrx_word' id='word_1_107' title='bbox 989 1369 1055 1426; x_wconf 82' lang='lat' dir='ltr'>aiiis</span> 
     </span>
     <span class='ocr_line' id='line_1_13' title="bbox 117 1464 1055 1540; baseline -0.002 -16"><span class='ocrx_word' id='word_1_108' title='bbox 117 1467 260 1530; x_wconf 85' lang='lat' dir='ltr'>irridenda</span> <span class='ocrx_word' id='word_1_109' title='bbox 272 1468 409 1525; x_wconf 84' lang='lat' dir='ltr'>videatur.</span> <span class='ocrx_word' id='word_1_110' title='bbox 456 1466 515 1525; x_wconf 86' lang='lat' dir='ltr'>Sed</span> <span class='ocrx_word' id='word_1_111' title='bbox 528 1465 552 1523; x_wconf 94' lang='lat' dir='ltr'>si</span> <span class='ocrx_word' id='word_1_112' title='bbox 565 1476 609 1524; x_wconf 90' lang='lat' dir='ltr'>est</span> <span class='ocrx_word' id='word_1_113' title='bbox 622 1464 729 1540; x_wconf 79' lang='lat' dir='ltr'>aliquid</span> <span class='ocrx_word' id='word_1_114' title='bbox 743 1465 774 1521; x_wconf 86' lang='lat' dir='ltr'>in</span> <span class='ocrx_word' id='word_1_115' title='bbox 790 1481 851 1540; x_wconf 88' lang='lat' dir='ltr'>spe,</span> <span class='ocrx_word' id='word_1_116' title='bbox 865 1465 932 1522; x_wconf 83' lang='lat' dir='ltr'>vide</span> <span class='ocrx_word' id='word_1_117' title='bbox 950 1465 1055 1540; x_wconf 85' lang='lat' dir='ltr'>iegern,</span> 
     </span>
     <span class='ocr_line' id='line_1_14' title="bbox 118 1562 1057 1641; baseline 0 -19"><span class='ocrx_word' id='word_1_118' title='bbox 118 1583 205 1641; x_wconf 88' lang='lat' dir='ltr'>quam</span> <span class='ocrx_word' id='word_1_119' title='bbox 219 1564 258 1622; x_wconf 92' lang='lat' dir='ltr'><strong>T</strong></span> <span class='ocrx_word' id='word_1_120' title='bbox 270 1564 361 1624; x_wconf 84' lang='lat' dir='ltr'>Fadio</span> <span class='ocrx_word' id='word_1_121' title='bbox 376 1563 488 1639; x_wconf 86' lang='lat' dir='ltr'>scripsit</span> <span class='ocrx_word' id='word_1_122' title='bbox 501 1563 653 1621; x_wconf 88' lang='lat' dir='ltr'>Visellius:</span> <span class='ocrx_word' id='word_1_123' title='bbox 670 1581 706 1620; x_wconf 87' lang='lat' dir='ltr'>ea</span> <span class='ocrx_word' id='word_1_124' title='bbox 719 1562 790 1618; x_wconf 91' lang='lat' dir='ltr'>mihi</span> <span class='ocrx_word' id='word_1_125' title='bbox 804 1562 967 1638; x_wconf 88' lang='lat' dir='ltr'>perplacet;</span> <span class='ocrx_word' id='word_1_126' title='bbox 987 1582 1057 1622; x_wconf 84' lang='lat' dir='ltr'>nam</span> 
     </span>
    </p>

    <p class='ocr_par' dir='ltr' id='par_1_3' title="bbox 33 1659 1085 3201">
     <span class='ocr_line' id='line_1_15' title="bbox 119 1659 1057 1765; baseline 0 -45"><span class='ocrx_word' id='word_1_127' title='bbox 119 1662 202 1720; x_wconf 90' lang='lat' dir='ltr'>Sestii</span> <span class='ocrx_word' id='word_1_128' title='bbox 216 1663 319 1733; x_wconf 87' lang='lat' dir='ltr'>nostri,</span> <span class='ocrx_word' id='word_1_129' title='bbox 330 1679 418 1739; x_wconf 92' lang='lat' dir='ltr'>quam</span> <span class='ocrx_word' id='word_1_130' title='bbox 432 1672 463 1720; x_wconf 92' lang='lat' dir='ltr'>tu</span> <span class='ocrx_word' id='word_1_131' title='bbox 476 1662 529 1720; x_wconf 90' lang='lat' dir='ltr'>tibi</span> <span class='ocrx_word' id='word_1_132' title='bbox 541 1662 664 1765; x_wconf 86' lang='lat' dir='ltr'>probari</span> <span class='ocrx_word' id='word_1_133' title='bbox 671 1660 779 1730; x_wconf 88' lang='lat' dir='ltr'>scribis,</span> <span class='ocrx_word' id='word_1_134' title='bbox 794 1659 864 1716; x_wconf 89' lang='lat' dir='ltr'>mihi</span> <span class='ocrx_word' id='word_1_135' title='bbox 878 1676 939 1717; x_wconf 90' lang='lat' dir='ltr'>non</span> <span class='ocrx_word' id='word_1_136' title='bbox 953 1660 1057 1735; x_wconf 74' lang='lat' dir='ltr'>placet.</span> 
     </span>
     <span class='ocr_line' id='line_1_16' title="bbox 33 1727 1059 1841; baseline -0.001 -23"><span class='ocrx_word' id='word_1_137' title='bbox 33 1746 35 1750; x_wconf 47' lang='grc'>’</span> <span class='ocrx_word' id='word_1_138' title='bbox 120 1774 147 1834; x_wconf 78' lang='lat'>5.</span> <span class='ocrx_word' id='word_1_139' title='bbox 170 1759 268 1819; x_wconf 91' lang='lat' dir='ltr'>Tertia</span> <span class='ocrx_word' id='word_1_140' title='bbox 287 1769 330 1818; x_wconf 85' lang='lat' dir='ltr'>est</span> <span class='ocrx_word' id='word_1_141' title='bbox 351 1759 476 1834; x_wconf 86' lang='lat' dir='ltr'>epistola</span> <span class='ocrx_word' id='word_1_142' title='bbox 490 1759 582 1835; x_wconf 87' lang='lat' dir='ltr'>pridie</span> <span class='ocrx_word' id='word_1_143' title='bbox 600 1727 674 1816; x_wconf 80' lang='lat' dir='ltr'>Idirs</span> <span class='ocrx_word' id='word_1_144' title='bbox 690 1756 846 1814; x_wconf 87' lang='lat' dir='ltr'>Novembr</span> <span class='ocrx_word' id='word_1_145' title='bbox 859 1757 957 1827; x_wconf 87' lang='lat' dir='ltr'>data,&#39;</span> <span class='ocrx_word' id='word_1_146' title='bbox 949 1777 981 1815; x_wconf 90' lang='lat' dir='ltr'>m</span> <span class='ocrx_word' id='word_1_147' title='bbox 999 1778 1059 1841; x_wconf 81' lang='lat' dir='ltr'>qua</span> 
     </span>
     <span class='ocr_line' id='line_1_17' title="bbox 119 1848 1085 1933; baseline -0.006 -12"><span class='ocrx_word' id='word_1_148' title='bbox 119 1858 243 1932; x_wconf 80' lang='lat' dir='ltr'>exponis</span> <span class='ocrx_word' id='word_1_149' title='bbox 257 1856 411 1933; x_wconf 85' lang='lat' dir='ltr'>prudenter</span> <span class='ocrx_word' id='word_1_150' title='bbox 424 1867 453 1916; x_wconf 91' lang='lat' dir='ltr'>et</span> <span class='ocrx_word' id='word_1_151' title='bbox 467 1856 624 1931; x_wconf 87' lang='lat' dir='ltr'>diligenter,</span> <span class='ocrx_word' id='word_1_152' title='bbox 640 1873 714 1931; x_wconf 84' lang='lat' dir='ltr'>quae</span> <span class='ocrx_word' id='word_1_153' title='bbox 732 1856 789 1912; x_wconf 87' lang='lat' dir='ltr'>sint</span> <span class='ocrx_word' id='word_1_154' title='bbox 802 1873 877 1931; x_wconf 85' lang='lat' dir='ltr'>quae</span> <span class='ocrx_word' id='word_1_155' title='bbox 894 1874 956 1914; x_wconf 89' lang='lat' dir='ltr'>rem</span> <span class='ocrx_word' id='word_1_156' title='bbox 977 1850 1060 1915; x_wconf 82' lang='lat' dir='ltr'>disti·</span> <span class='ocrx_word' id='word_1_157' title='bbox 1064 1848 1085 1859; x_wconf 72' lang='grc'>”</span> 
     </span>
     <span class='ocr_line' id='line_1_18' title="bbox 120 1953 1059 2032; baseline 0.002 -20"><span class='ocrx_word' id='word_1_158' title='bbox 120 1974 187 2015; x_wconf 86' lang='lat' dir='ltr'>nere</span> <span class='ocrx_word' id='word_1_159' title='bbox 208 1955 365 2020; x_wconf 84' lang='lat' dir='ltr'>videantur,</span> <span class='ocrx_word' id='word_1_160' title='bbox 385 1955 422 2013; x_wconf 89' lang='lat' dir='ltr'>de</span> <span class='ocrx_word' id='word_1_161' title='bbox 444 1953 558 2026; x_wconf 87' lang='lat' dir='ltr'>Crasso,</span> <span class='ocrx_word' id='word_1_162' title='bbox 579 1953 615 2012; x_wconf 91' lang='lat' dir='ltr'>de</span> <span class='ocrx_word' id='word_1_163' title='bbox 636 1953 785 2029; x_wconf 90' lang='lat' dir='ltr'>Pompeio,</span> <span class='ocrx_word' id='word_1_164' title='bbox 801 1953 837 2011; x_wconf 93' lang='lat' dir='ltr'>de</span> <span class='ocrx_word' id='word_1_165' title='bbox 858 1954 978 2012; x_wconf 85' lang='lat' dir='ltr'>ceteris:</span> <span class='ocrx_word' id='word_1_166' title='bbox 1000 1974 1059 2032; x_wconf 90' lang='lat' dir='ltr'>qua</span> 
     </span>
     <span class='ocr_line' id='line_1_19' title="bbox 120 2051 1059 2129; baseline -0.001 -19"><span class='ocrx_word' id='word_1_167' title='bbox 120 2071 151 2111; x_wconf 90' lang='lat' dir='ltr'>re</span> <span class='ocrx_word' id='word_1_168' title='bbox 173 2069 227 2110; x_wconf 89' lang='lat' dir='ltr'>oro</span> <span class='ocrx_word' id='word_1_169' title='bbox 250 2061 278 2110; x_wconf 92' lang='lat' dir='ltr'>te</span> <span class='ocrx_word' id='word_1_170' title='bbox 302 2062 341 2123; x_wconf 83' lang='lat' dir='ltr'>ut,</span> <span class='ocrx_word' id='word_1_171' title='bbox 364 2053 387 2110; x_wconf 89' lang='lat' dir='ltr'>si</span> <span class='ocrx_word' id='word_1_172' title='bbox 413 2071 471 2129; x_wconf 82' lang='lat' dir='ltr'>qua</span> <span class='ocrx_word' id='word_1_173' title='bbox 494 2070 560 2127; x_wconf 90' lang='lat' dir='ltr'>spes</span> <span class='ocrx_word' id='word_1_174' title='bbox 583 2052 643 2122; x_wconf 90' lang='lat' dir='ltr'>erit,</span> <span class='ocrx_word' id='word_1_175' title='bbox 664 2069 752 2127; x_wconf 87' lang='lat' dir='ltr'>posse</span> <span class='ocrx_word' id='word_1_176' title='bbox 777 2051 878 2109; x_wconf 85' lang='lat' dir='ltr'>studiis</span> <span class='ocrx_word' id='word_1_177' title='bbox 902 2051 1059 2123; x_wconf 86' lang='lat' dir='ltr'>bonorum,</span> 
     </span>
     <span class='ocr_line' id='line_1_20' title="bbox 121 2149 1060 2227; baseline 0 -19"><span class='ocrx_word' id='word_1_178' title='bbox 121 2150 296 2220; x_wconf 87' lang='lat' dir='ltr'>auctoritate,</span> <span class='ocrx_word' id='word_1_179' title='bbox 305 2149 486 2208; x_wconf 87' lang='lat' dir='ltr'>multitudine</span> <span class='ocrx_word' id='word_1_180' title='bbox 497 2157 670 2224; x_wconf 85' lang='lat' dir='ltr'>comparata,</span> <span class='ocrx_word' id='word_1_181' title='bbox 681 2167 743 2206; x_wconf 90' lang='lat' dir='ltr'>rem</span> <span class='ocrx_word' id='word_1_182' title='bbox 754 2149 867 2220; x_wconf 86' lang='lat' dir='ltr'>confici,</span> <span class='ocrx_word' id='word_1_183' title='bbox 877 2149 928 2207; x_wconf 84' lang='lat' dir='ltr'>des</span> <span class='ocrx_word' id='word_1_184' title='bbox 938 2168 1060 2227; x_wconf 86' lang='lat' dir='ltr'>operam</span> 
     </span>
     <span class='ocr_line' id='line_1_21' title="bbox 121 2247 1061 2324; baseline 0.001 -19"><span class='ocrx_word' id='word_1_185' title='bbox 121 2256 152 2305; x_wconf 86' lang='lat' dir='ltr'>ut</span> <span class='ocrx_word' id='word_1_186' title='bbox 172 2265 231 2306; x_wconf 91' lang='lat' dir='ltr'>uno</span> <span class='ocrx_word' id='word_1_187' title='bbox 250 2247 358 2324; x_wconf 90' lang='lat' dir='ltr'>impetu</span> <span class='ocrx_word' id='word_1_188' title='bbox 377 2247 577 2323; x_wconf 85' lang='lat' dir='ltr'>perfringatur,</span> <span class='ocrx_word' id='word_1_189' title='bbox 595 2247 626 2304; x_wconf 90' lang='lat' dir='ltr'>in</span> <span class='ocrx_word' id='word_1_190' title='bbox 644 2265 710 2305; x_wconf 85' lang='lat' dir='ltr'>eam</span> <span class='ocrx_word' id='word_1_191' title='bbox 728 2265 790 2305; x_wconf 85' lang='lat' dir='ltr'>rem</span> <span class='ocrx_word' id='word_1_192' title='bbox 811 2247 962 2306; x_wconf 83' lang='lat' dir='ltr'>incumbas</span> <span class='ocrx_word' id='word_1_193' title='bbox 984 2258 1061 2306; x_wconf 88' lang='lat' dir='ltr'>cete·</span> 
     </span>
     <span class='ocr_line' id='line_1_22' title="bbox 122 2346 1060 2421; baseline 0.001 -19"><span class='ocrx_word' id='word_1_194' title='bbox 122 2363 228 2420; x_wconf 87' lang='lat' dir='ltr'>rosque</span> <span class='ocrx_word' id='word_1_195' title='bbox 243 2346 349 2403; x_wconf 82' lang='lat' dir='ltr'>excites</span> <span class='ocrx_word' id='word_1_196' title='bbox 358 2365 366 2418; x_wconf 90' lang='grc'><strong>;</strong></span> <span class='ocrx_word' id='word_1_197' title='bbox 388 2346 442 2417; x_wconf 83' lang='lat' dir='ltr'>sin,</span> <span class='ocrx_word' id='word_1_198' title='bbox 453 2356 485 2404; x_wconf 94' lang='lat' dir='ltr'>ut</span> <span class='ocrx_word' id='word_1_199' title='bbox 499 2363 557 2421; x_wconf 91' lang='lat' dir='ltr'>ego</span> <span class='ocrx_word' id='word_1_200' title='bbox 571 2346 714 2421; x_wconf 88' lang='lat' dir='ltr'>perspicio</span> <span class='ocrx_word' id='word_1_201' title='bbox 730 2364 797 2403; x_wconf 89' lang='lat' dir='ltr'>cum</span> <span class='ocrx_word' id='word_1_202' title='bbox 816 2355 865 2403; x_wconf 83' lang='lat' dir='ltr'>tua</span> <span class='ocrx_word' id='word_1_203' title='bbox 885 2346 1060 2416; x_wconf 85' lang='lat' dir='ltr'>coniectura,</span> 
     </span>
     <span class='ocr_line' id='line_1_23' title="bbox 123 2442 1059 2520; baseline 0.001 -19"><span class='ocrx_word' id='word_1_204' title='bbox 123 2453 184 2501; x_wconf 89' lang='lat' dir='ltr'>tum</span> <span class='ocrx_word' id='word_1_205' title='bbox 203 2442 289 2500; x_wconf 88' lang='lat' dir='ltr'>etiam</span> <span class='ocrx_word' id='word_1_206' title='bbox 306 2460 381 2514; x_wconf 88' lang='lat' dir='ltr'>mea,</span> <span class='ocrx_word' id='word_1_207' title='bbox 396 2443 457 2520; x_wconf 85' lang='lat' dir='ltr'>spei</span> <span class='ocrx_word' id='word_1_208' title='bbox 476 2443 545 2500; x_wconf 91' lang='lat' dir='ltr'>nihil</span> <span class='ocrx_word' id='word_1_209' title='bbox 564 2453 616 2512; x_wconf 90' lang='lat' dir='ltr'>est,</span> <span class='ocrx_word' id='word_1_210' title='bbox 630 2461 684 2501; x_wconf 93' lang='lat' dir='ltr'>oro</span> <span class='ocrx_word' id='word_1_211' title='bbox 705 2443 890 2518; x_wconf 84' lang='lat' dir='ltr'>obtestorque</span> <span class='ocrx_word' id='word_1_212' title='bbox 910 2453 948 2514; x_wconf 91' lang='lat' dir='ltr'>te,</span> <span class='ocrx_word' id='word_1_213' title='bbox 968 2453 1000 2501; x_wconf 89' lang='lat' dir='ltr'>ut</span> <span class='ocrx_word' id='word_1_214' title='bbox 1021 2443 1059 2517; x_wconf 89' lang='lat' dir='ltr'>Q.</span> 
     </span>
     <span class='ocr_line' id='line_1_24' title="bbox 124 2539 1065 2616; baseline 0.003 -19"><span class='ocrx_word' id='word_1_215' title='bbox 124 2539 243 2600; x_wconf 87' lang='lat' dir='ltr'>fratrem</span> <span class='ocrx_word' id='word_1_216' title='bbox 265 2557 352 2610; x_wconf 69' lang='lat' dir='ltr'>ames,</span> <span class='ocrx_word' id='word_1_217' title='bbox 375 2559 461 2616; x_wconf 91' lang='lat' dir='ltr'>quem</span> <span class='ocrx_word' id='word_1_218' title='bbox 482 2557 541 2614; x_wconf 89' lang='lat' dir='ltr'>ego</span> <span class='ocrx_word' id='word_1_219' title='bbox 560 2541 697 2598; x_wconf 88' lang='lat' dir='ltr'>miserum</span> <span class='ocrx_word' id='word_1_220' title='bbox 718 2541 822 2599; x_wconf 83' lang='lat' dir='ltr'>misere</span> <span class='ocrx_word' id='word_1_221' title='bbox 846 2540 967 2616; x_wconf 89' lang='lat' dir='ltr'>perdidi,</span> <span class='ocrx_word' id='word_1_222' title='bbox 989 2560 1065 2600; x_wconf 86' lang='lat' dir='ltr'>neve</span> 
     </span>
     <span class='ocr_line' id='line_1_25' title="bbox 124 2636 1064 2715; baseline 0.002 -21"><span class='ocrx_word' id='word_1_223' title='bbox 124 2636 194 2714; x_wconf 89' lang='lat' dir='ltr'>quid</span> <span class='ocrx_word' id='word_1_224' title='bbox 208 2655 275 2695; x_wconf 91' lang='lat' dir='ltr'>eum</span> <span class='ocrx_word' id='word_1_225' title='bbox 289 2638 396 2712; x_wconf 87' lang='lat' dir='ltr'>patiare</span> <span class='ocrx_word' id='word_1_226' title='bbox 410 2638 523 2712; x_wconf 83' lang='lat' dir='ltr'>gravius</span> <span class='ocrx_word' id='word_1_227' title='bbox 541 2639 692 2696; x_wconf 89' lang='lat' dir='ltr'>consulere</span> <span class='ocrx_word' id='word_1_228' title='bbox 711 2639 747 2697; x_wconf 91' lang='lat' dir='ltr'>de</span> <span class='ocrx_word' id='word_1_229' title='bbox 764 2657 804 2709; x_wconf 91' lang='lat' dir='ltr'>se,</span> <span class='ocrx_word' id='word_1_230' title='bbox 820 2654 909 2715; x_wconf 87' lang='lat' dir='ltr'>qnam</span> <span class='ocrx_word' id='word_1_231' title='bbox 926 2639 1064 2714; x_wconf 81' lang='lat' dir='ltr'>expediat</span> 
     </span>
     <span class='ocr_line' id='line_1_26' title="bbox 126 2734 1063 2806; baseline 0.001 -13"><span class='ocrx_word' id='word_1_232' title='bbox 126 2734 232 2793; x_wconf 90' lang='lat' dir='ltr'>sororis</span> <span class='ocrx_word' id='word_1_233' title='bbox 259 2744 324 2793; x_wconf 88' lang='lat' dir='ltr'>tuae</span> <span class='ocrx_word' id='word_1_234' title='bbox 352 2734 420 2804; x_wconf 89' lang='lat' dir='ltr'>filio,</span> <span class='ocrx_word' id='word_1_235' title='bbox 448 2753 546 2792; x_wconf 85' lang='lat' dir='ltr'>meum</span> <span class='ocrx_word' id='word_1_236' title='bbox 575 2734 757 2806; x_wconf 88' lang='lat' dir='ltr'>Ciceronem,</span> <span class='ocrx_word' id='word_1_237' title='bbox 778 2737 824 2794; x_wconf 91' lang='lat' dir='ltr'>cui</span> <span class='ocrx_word' id='word_1_238' title='bbox 852 2735 921 2793; x_wconf 83' lang='lat' dir='ltr'>nihil</span> <span class='ocrx_word' id='word_1_239' title='bbox 948 2737 1063 2795; x_wconf 91' lang='lat' dir='ltr'>misello</span> 
     </span>
     <span class='ocr_line' id='line_1_27' title="bbox 125 2831 1063 2908; baseline 0.006 -20"><span class='ocrx_word' id='word_1_240' title='bbox 125 2831 256 2906; x_wconf 87' lang='lat' dir='ltr'>relinquo</span> <span class='ocrx_word' id='word_1_241' title='bbox 284 2841 395 2906; x_wconf 88' lang='lat' dir='ltr'>praeter</span> <span class='ocrx_word' id='word_1_242' title='bbox 419 2831 554 2890; x_wconf 90' lang='lat' dir='ltr'>invidiam</span> <span class='ocrx_word' id='word_1_243' title='bbox 582 2842 610 2890; x_wconf 91' lang='lat' dir='ltr'>et</span> <span class='ocrx_word' id='word_1_244' title='bbox 634 2834 824 2908; x_wconf 85' lang='lat' dir='ltr'>ignominiam</span> <span class='ocrx_word' id='word_1_245' title='bbox 846 2833 973 2892; x_wconf 86' lang='lat' dir='ltr'>nominis</span> <span class='ocrx_word' id='word_1_246' title='bbox 996 2837 1063 2907; x_wconf 89' lang='lat' dir='ltr'>mei,</span> 
     </span>
     <span class='ocr_line' id='line_1_28' title="bbox 125 2928 1063 3005; baseline 0.002 -17"><span class='ocrx_word' id='word_1_247' title='bbox 125 2939 231 2998; x_wconf 85' lang='lat' dir='ltr'>tueare,</span> <span class='ocrx_word' id='word_1_248' title='bbox 252 2929 350 3004; x_wconf 86' lang='lat' dir='ltr'>quoad</span> <span class='ocrx_word' id='word_1_249' title='bbox 369 2929 485 3005; x_wconf 87' lang='lat' dir='ltr'>poteris,</span> <span class='ocrx_word' id='word_1_250' title='bbox 501 2928 677 3001; x_wconf 89' lang='lat' dir='ltr'>Terentiam,</span> <span class='ocrx_word' id='word_1_251' title='bbox 691 2949 780 2988; x_wconf 88' lang='lat' dir='ltr'>unam</span> <span class='ocrx_word' id='word_1_252' title='bbox 799 2931 930 2988; x_wconf 90' lang='lat' dir='ltr'>omnium</span> <span class='ocrx_word' id='word_1_253' title='bbox 950 2949 1063 2990; x_wconf 89' lang='lat' dir='ltr'>aerum-</span> 
     </span>
     <span class='ocr_line' id='line_1_29' title="bbox 128 3027 1064 3106; baseline -0.001 -17"><span class='ocrx_word' id='word_1_254' title='bbox 128 3027 320 3098; x_wconf 86' lang='lat' dir='ltr'>nosissimam,</span> <span class='ocrx_word' id='word_1_255' title='bbox 336 3037 476 3086; x_wconf 89' lang='lat' dir='ltr'>sustentes</span> <span class='ocrx_word' id='word_1_256' title='bbox 491 3028 546 3086; x_wconf 90' lang='lat' dir='ltr'>tuis</span> <span class='ocrx_word' id='word_1_257' title='bbox 560 3029 668 3086; x_wconf 86' lang='lat' dir='ltr'>officiis.</span> <span class='ocrx_word' id='word_1_258' title='bbox 712 3029 777 3104; x_wconf 89' lang='lat' dir='ltr'>Ego</span> <span class='ocrx_word' id='word_1_259' title='bbox 790 3029 820 3086; x_wconf 93' lang='lat' dir='ltr'>in</span> <span class='ocrx_word' id='word_1_260' title='bbox 835 3029 956 3104; x_wconf 87' lang='lat' dir='ltr'>Epirum</span> <span class='ocrx_word' id='word_1_261' title='bbox 975 3031 1064 3106; x_wconf 87' lang='lat' dir='ltr'>profi·</span> 
     </span>
     <span class='ocr_line' id='line_1_30' title="bbox 128 3124 1066 3201; baseline 0 -17"><span class='ocrx_word' id='word_1_262' title='bbox 128 3125 225 3195; x_wconf 80' lang='lat' dir='ltr'>ciscar,</span> <span class='ocrx_word' id='word_1_263' title='bbox 235 3142 303 3182; x_wconf 90' lang='lat' dir='ltr'>cum</span> <span class='ocrx_word' id='word_1_264' title='bbox 313 3125 471 3201; x_wconf 89' lang='lat' dir='ltr'>primorum</span> <span class='ocrx_word' id='word_1_265' title='bbox 486 3124 595 3182; x_wconf 92' lang='lat' dir='ltr'>dierum</span> <span class='ocrx_word' id='word_1_266' title='bbox 609 3127 725 3185; x_wconf 90' lang='lat' dir='ltr'>nuntios</span> <span class='ocrx_word' id='word_1_267' title='bbox 740 3144 901 3200; x_wconf 86' lang='lat' dir='ltr'>excepero:</span> <span class='ocrx_word' id='word_1_268' title='bbox 919 3136 951 3183; x_wconf 91' lang='lat' dir='ltr'>tu</span> <span class='ocrx_word' id='word_1_269' title='bbox 966 3127 1003 3184; x_wconf 88' lang='lat' dir='ltr'>ad</span> <span class='ocrx_word' id='word_1_270' title='bbox 1018 3145 1066 3184; x_wconf 92' lang='lat' dir='ltr'>me</span> 
     </span>
    </p>
   </div>
   <div class='ocr_carea' id='block_1_3' title="bbox 128 3222 1065 3398">
    <p class='ocr_par' dir='ltr' id='par_1_4' title="bbox 128 3222 1065 3398">
     <span class='ocr_line' id='line_1_31' title="bbox 128 3222 1065 3299; baseline 0.005 -21"><span class='ocrx_word' id='word_1_271' title='bbox 128 3223 212 3281; x_wconf 81' lang='lat' dir='ltr'>velim</span> <span class='ocrx_word' id='word_1_272' title='bbox 233 3222 372 3298; x_wconf 90' lang='lat' dir='ltr'>proximis</span> <span class='ocrx_word' id='word_1_273' title='bbox 392 3222 498 3292; x_wconf 88' lang='lat' dir='ltr'>litteris,</span> <span class='ocrx_word' id='word_1_274' title='bbox 520 3233 552 3280; x_wconf 90' lang='lat' dir='ltr'>ut</span> <span class='ocrx_word' id='word_1_275' title='bbox 576 3241 608 3282; x_wconf 88' lang='lat' dir='ltr'>se</span> <span class='ocrx_word' id='word_1_276' title='bbox 632 3224 711 3282; x_wconf 89' lang='lat' dir='ltr'>initia</span> <span class='ocrx_word' id='word_1_277' title='bbox 736 3223 876 3294; x_wconf 90' lang='lat' dir='ltr'>dederint,</span> <span class='ocrx_word' id='word_1_278' title='bbox 896 3224 1065 3299; x_wconf 83' lang='lat' dir='ltr'>perscribas.</span> 
     </span>
     <span class='ocr_line' id='line_1_32' title="bbox 128 3319 559 3398; baseline -0.005 -16"><span class='ocrx_word' id='word_1_279' title='bbox 128 3320 205 3382; x_wconf 87' lang='lat' dir='ltr'>Data</span> <span class='ocrx_word' id='word_1_280' title='bbox 219 3320 309 3398; x_wconf 90' lang='lat' dir='ltr'>pridie</span> <span class='ocrx_word' id='word_1_281' title='bbox 324 3319 390 3378; x_wconf 87' lang='lat' dir='ltr'>Kal.</span> <span class='ocrx_word' id='word_1_282' title='bbox 405 3319 559 3380; x_wconf 88' lang='lat' dir='ltr'>Decembr.</span> 
     </span>
    </p>
   </div>
   <div class='ocr_carea' id='block_1_4' title="bbox 0 0 1200 3810">
    <p class='ocr_par' dir='ltr' id='par_1_5' title="bbox 0 0 1200 3810">
     <span class='ocr_line' id='line_1_33' title="bbox 0 0 1200 3810; baseline 0 0"><span class='ocrx_word' id='word_1_283' title='bbox 0 0 1200 3810; x_wconf 95' lang='lat' dir='ltr'> </span> 
     </span>
    </p>
   </div>
  </div>
 </body>
</html>
