<?xml version="1.0" encoding="UTF-8"?>
<!DOCTYPE html PUBLIC "-//W3C//DTD XHTML 1.0 Transitional//EN"
    "http://www.w3.org/TR/xhtml1/DTD/xhtml1-transitional.dtd">
<html xmlns="http://www.w3.org/1999/xhtml" xml:lang="en" lang="en">
 <head>
  <title>
</title>
<meta http-equiv="Content-Type" content="text/html;charset=utf-8" />
  <meta name='ocr-system' content='tesseract 3.04.00' />
  <meta name='ocr-capabilities' content='ocr_page ocr_carea ocr_par ocr_line ocrx_word'/>
</head>
<body>
  <div class='ocr_page' id='page_1' title='image "./epistolaeselect01cicegoog/epistolaeselect01cicegoog_0105.png"; bbox 0 0 2356 3810; ppageno 0'>
   <div class='ocr_carea' id='block_1_1' title="bbox 89 225 1030 317">
    <p class='ocr_par' dir='ltr' id='par_1_1' title="bbox 89 225 1030 317">
     <span class='ocr_line' id='line_1_1' title="bbox 89 225 1030 317; baseline 0.001 -31"><span class='ocrx_word' id='word_1_1' title='bbox 89 242 133 303; x_wconf 78' lang='lat' dir='ltr'>ap.</span> <span class='ocrx_word' id='word_1_2' title='bbox 152 225 240 317; x_wconf 74' lang='grc' dir='ltr'>3ο]</span> <span class='ocrx_word' id='word_1_3' title='bbox 292 239 406 294; x_wconf 76' lang='lat' dir='ltr'>amr</span> <span class='ocrx_word' id='word_1_4' title='bbox 428 239 477 289; x_wconf 81' lang='lat' dir='ltr'>nu</span> <span class='ocrx_word' id='word_1_5' title='bbox 500 239 720 288; x_wconf 75' lang='lat' dir='ltr'>rnrrrrrnxns</span> <span class='ocrx_word' id='word_1_6' title='bbox 741 240 778 288; x_wconf 88' lang='lat' dir='ltr'>rr</span> <span class='ocrx_word' id='word_1_7' title='bbox 803 226 832 289; x_wconf 89' lang='grc'>6.</span> <span class='ocrx_word' id='word_1_8' title='bbox 990 225 1030 306; x_wconf 85' lang='grc'>89</span> 
     </span>
    </p>
   </div>
   <div class='ocr_carea' id='block_1_2' title="bbox 89 348 1033 1441">
    <p class='ocr_par' dir='ltr' id='par_1_2' title="bbox 89 348 1032 952">
     <span class='ocr_line' id='line_1_2' title="bbox 89 348 1031 464; baseline 0.002 -21"><span class='ocrx_word' id='word_1_9' title='bbox 89 348 178 445; x_wconf 82' lang='lat' dir='ltr'>dicari</span> <span class='ocrx_word' id='word_1_10' title='bbox 197 405 284 463; x_wconf 90' lang='lat' dir='ltr'>quam</span> <span class='ocrx_word' id='word_1_11' title='bbox 306 406 324 445; x_wconf 88' lang='lat' dir='ltr'>a</span> <span class='ocrx_word' id='word_1_12' title='bbox 343 406 391 445; x_wconf 91' lang='lat' dir='ltr'>me</span> <span class='ocrx_word' id='word_1_13' title='bbox 411 388 564 464; x_wconf 89' lang='lat' dir='ltr'>ponderari</span> <span class='ocrx_word' id='word_1_14' title='bbox 586 388 688 458; x_wconf 85' lang='lat' dir='ltr'><strong>solent,</strong></span> <span class='ocrx_word' id='word_1_15' title='bbox 708 387 896 447; x_wconf 88' lang='lat' dir='ltr'>verecundius</span> <span class='ocrx_word' id='word_1_16' title='bbox 918 405 935 446; x_wconf 91' lang='lat' dir='ltr'>a</span> <span class='ocrx_word' id='word_1_17' title='bbox 955 397 992 458; x_wconf 90' lang='lat' dir='ltr'>te,</span> <span class='ocrx_word' id='word_1_18' title='bbox 1008 391 1031 446; x_wconf 92' lang='lat' dir='ltr'>si</span> 
     </span>
     <span class='ocr_line' id='line_1_3' title="bbox 89 453 1032 562; baseline 0.001 -21"><span class='ocrx_word' id='word_1_19' title='bbox 89 503 166 559; x_wconf 90' lang='lat' dir='ltr'>quae</span> <span class='ocrx_word' id='word_1_20' title='bbox 180 504 287 561; x_wconf 88' lang='lat' dir='ltr'>magna</span> <span class='ocrx_word' id='word_1_21' title='bbox 304 504 350 544; x_wconf 88' lang='lat' dir='ltr'>res</span> <span class='ocrx_word' id='word_1_22' title='bbox 364 487 434 544; x_wconf 89' lang='lat' dir='ltr'>mihi</span> <span class='ocrx_word' id='word_1_23' title='bbox 455 486 580 562; x_wconf 82' lang='lat' dir='ltr'>petenda</span> <span class='ocrx_word' id='word_1_24' title='bbox 599 497 682 557; x_wconf 83' lang='lat' dir='ltr'>esset,</span> <span class='ocrx_word' id='word_1_25' title='bbox 699 453 923 554; x_wconf 63' lang='lat' dir='ltr'>contebderem3</span> <span class='ocrx_word' id='word_1_26' title='bbox 945 504 1032 561; x_wconf 85' lang='lat' dir='ltr'>grave</span> 
     </span>
     <span class='ocr_line' id='line_1_4' title="bbox 89 583 1030 660; baseline 0.001 -21"><span class='ocrx_word' id='word_1_27' title='bbox 89 593 134 640; x_wconf 86' lang='lat' dir='ltr'>est</span> <span class='ocrx_word' id='word_1_28' title='bbox 153 584 231 640; x_wconf 88' lang='lat' dir='ltr'>enirn</span> <span class='ocrx_word' id='word_1_29' title='bbox 250 583 360 640; x_wconf 90' lang='lat' dir='ltr'>homini</span> <span class='ocrx_word' id='word_1_30' title='bbox 380 584 500 660; x_wconf 89' lang='lat' dir='ltr'>pudenti</span> <span class='ocrx_word' id='word_1_31' title='bbox 518 593 617 658; x_wconf 88' lang='lat' dir='ltr'>petere</span> <span class='ocrx_word' id='word_1_32' title='bbox 636 584 744 659; x_wconf 87' lang='lat' dir='ltr'>aliquid</span> <span class='ocrx_word' id='word_1_33' title='bbox 765 601 904 658; x_wconf 87' lang='lat' dir='ltr'>magnum</span> <span class='ocrx_word' id='word_1_34' title='bbox 926 585 963 640; x_wconf 90' lang='lat' dir='ltr'>ab</span> <span class='ocrx_word' id='word_1_35' title='bbox 985 601 1030 650; x_wconf 88' lang='lat' dir='ltr'>eo,</span> 
     </span>
     <span class='ocr_line' id='line_1_5' title="bbox 89 681 1031 756; baseline 0.002 -20"><span class='ocrx_word' id='word_1_36' title='bbox 89 681 127 736; x_wconf 90' lang='lat' dir='ltr'>de</span> <span class='ocrx_word' id='word_1_37' title='bbox 142 697 201 755; x_wconf 92' lang='lat' dir='ltr'>quo</span> <span class='ocrx_word' id='word_1_38' title='bbox 216 699 248 738; x_wconf 91' lang='lat' dir='ltr'>se</span> <span class='ocrx_word' id='word_1_39' title='bbox 262 682 337 738; x_wconf 92' lang='lat' dir='ltr'>bene</span> <span class='ocrx_word' id='word_1_40' title='bbox 352 681 485 739; x_wconf 91' lang='lat' dir='ltr'>meritum</span> <span class='ocrx_word' id='word_1_41' title='bbox 501 691 588 756; x_wconf 90' lang='lat' dir='ltr'>putet,</span> <span class='ocrx_word' id='word_1_42' title='bbox 604 699 641 739; x_wconf 93' lang='lat' dir='ltr'>ne</span> <span class='ocrx_word' id='word_1_43' title='bbox 659 682 699 748; x_wconf 88' lang='lat' dir='ltr'>id,</span> <span class='ocrx_word' id='word_1_44' title='bbox 714 681 793 756; x_wconf 93' lang='lat' dir='ltr'>quod</span> <span class='ocrx_word' id='word_1_45' title='bbox 813 691 899 756; x_wconf 85' lang='lat' dir='ltr'>petat,</span> <span class='ocrx_word' id='word_1_46' title='bbox 915 681 1031 756; x_wconf 83' lang='lat' dir='ltr'>exigere</span> 
     </span>
     <span class='ocr_line' id='line_1_6' title="bbox 89 779 1031 855; baseline 0 -20"><span class='ocrx_word' id='word_1_47' title='bbox 89 781 184 854; x_wconf 84' lang='lat' dir='ltr'>magis</span> <span class='ocrx_word' id='word_1_48' title='bbox 199 798 287 855; x_wconf 86' lang='lat' dir='ltr'>quarn</span> <span class='ocrx_word' id='word_1_49' title='bbox 303 798 404 855; x_wconf 85' lang='lat' dir='ltr'>rogare</span> <span class='ocrx_word' id='word_1_50' title='bbox 419 790 448 838; x_wconf 91' lang='lat' dir='ltr'>et</span> <span class='ocrx_word' id='word_1_51' title='bbox 467 781 497 836; x_wconf 94' lang='lat' dir='ltr'>in</span> <span class='ocrx_word' id='word_1_52' title='bbox 516 780 657 838; x_wconf 84' lang='lat' dir='ltr'>mercedis</span> <span class='ocrx_word' id='word_1_53' title='bbox 676 781 773 855; x_wconf 89' lang='lat' dir='ltr'>potius</span> <span class='ocrx_word' id='word_1_54' title='bbox 792 797 879 854; x_wconf 90' lang='lat' dir='ltr'>quam</span> <span class='ocrx_word' id='word_1_55' title='bbox 899 779 1031 836; x_wconf 88' lang='lat' dir='ltr'>beneficii</span> 
     </span>
     <span class='ocr_line' id='line_1_7' title="bbox 89 877 1033 952; baseline 0.001 -19"><span class='ocrx_word' id='word_1_56' title='bbox 89 878 156 934; x_wconf 92' lang='lat' dir='ltr'>loco</span> <span class='ocrx_word' id='word_1_57' title='bbox 171 895 322 935; x_wconf 88' lang='lat' dir='ltr'>numerare</span> <span class='ocrx_word' id='word_1_58' title='bbox 335 878 471 936; x_wconf 88' lang='lat' dir='ltr'>videatur.</span> <span class='ocrx_word' id='word_1_59' title='bbox 516 896 542 936; x_wconf 80' lang='lat'><strong>2</strong></span> <span class='ocrx_word' id='word_1_60' title='bbox 565 877 623 935; x_wconf 86' lang='lat' dir='ltr'>Sed</span> <span class='ocrx_word' id='word_1_61' title='bbox 637 879 706 952; x_wconf 93' lang='lat' dir='ltr'>quia</span> <span class='ocrx_word' id='word_1_62' title='bbox 719 887 768 935; x_wconf 87' lang='lat' dir='ltr'>tua</span> <span class='ocrx_word' id='word_1_63' title='bbox 784 878 814 935; x_wconf 91' lang='lat' dir='ltr'>in</span> <span class='ocrx_word' id='word_1_64' title='bbox 833 896 881 935; x_wconf 88' lang='lat' dir='ltr'>me</span> <span class='ocrx_word' id='word_1_65' title='bbox 900 877 944 935; x_wconf 92' lang='lat' dir='ltr'>vel</span> <span class='ocrx_word' id='word_1_66' title='bbox 963 887 1033 934; x_wconf 90' lang='lat' dir='ltr'>nota</span> 
     </span>
    </p>

    <p class='ocr_par' dir='ltr' id='par_1_3' title="bbox 89 975 1032 1244">
     <span class='ocr_line' id='line_1_8' title="bbox 89 975 1032 1050; baseline 0.001 -19"><span class='ocrx_word' id='word_1_67' title='bbox 89 975 226 1032; x_wconf 91' lang='lat' dir='ltr'>omnibus</span> <span class='ocrx_word' id='word_1_68' title='bbox 237 975 303 1032; x_wconf 90' lang='lat' dir='ltr'>vel&#39;</span> <span class='ocrx_word' id='word_1_69' title='bbox 296 993 359 1050; x_wconf 82' lang='lat' dir='ltr'>ipsa</span> <span class='ocrx_word' id='word_1_70' title='bbox 369 977 494 1033; x_wconf 88' lang='lat' dir='ltr'>novitate</span> <span class='ocrx_word' id='word_1_71' title='bbox 508 994 538 1032; x_wconf 91' lang='lat' dir='ltr'>m</span> <span class='ocrx_word' id='word_1_72' title='bbox 557 992 641 1033; x_wconf 90' lang='lat' dir='ltr'>orum</span> <span class='ocrx_word' id='word_1_73' title='bbox 656 985 819 1050; x_wconf 90' lang='lat' dir='ltr'>temporum</span> <span class='ocrx_word' id='word_1_74' title='bbox 835 975 1032 1033; x_wconf 83' lang='lat' dir='ltr'>clanssrma</span> <span class='ocrx_word' id='word_1_75' title='bbox 1004 986 1032 1032; x_wconf 92' lang='lat' dir='ltr'>e</span> 
     </span>
     <span class='ocr_line' id='line_1_9' title="bbox 89 994 1032 1148; baseline 0.001 -21"><span class='ocrx_word' id='word_1_76' title='bbox 89 1072 218 1128; x_wconf 85' lang='lat' dir='ltr'>maxima</span> <span class='ocrx_word' id='word_1_77' title='bbox 238 1072 450 1129; x_wconf 61' lang='lat' dir='ltr'>beneficiat</span> <span class='ocrx_word' id='word_1_78' title='bbox 400 1064 450 1129; x_wconf 69' lang='lat' dir='ltr'>eds</span> <span class='ocrx_word' id='word_1_79' title='bbox 450 994 575 1141; x_wconf 68' lang='lat' dir='ltr'>llfe&#39;rud,</span> <span class='ocrx_word' id='word_1_80' title='bbox 598 1081 700 1147; x_wconf 88' lang='lat' dir='ltr'>estque</span> <span class='ocrx_word' id='word_1_81' title='bbox 724 1072 812 1129; x_wconf 89' lang='lat' dir='ltr'>animi</span> <span class='ocrx_word' id='word_1_82' title='bbox 837 1073 963 1148; x_wconf 88' lang='lat' dir='ltr'>ingenui,</span> <span class='ocrx_word' id='word_1_83' title='bbox 986 1073 1032 1130; x_wconf 90' lang='lat' dir='ltr'>cui</span> 
     </span>
     <span class='ocr_line' id='line_1_10' title="bbox 89 1165 1032 1244; baseline 0.002 -20"><span class='ocrx_word' id='word_1_84' title='bbox 89 1169 163 1225; x_wconf 90' lang='lat' dir='ltr'>mult</span> <span class='ocrx_word' id='word_1_85' title='bbox 153 1179 214 1226; x_wconf 91' lang='lat' dir='ltr'>tum</span> <span class='ocrx_word' id='word_1_86' title='bbox 229 1169 344 1239; x_wconf 88' lang='lat' dir='ltr'>debeas,</span> <span class='ocrx_word' id='word_1_87' title='bbox 360 1168 454 1226; x_wconf 88' lang='lat' dir='ltr'>eidem</span> <span class='ocrx_word' id='word_1_88' title='bbox 469 1169 624 1244; x_wconf 89' lang='lat' dir='ltr'>plurimum</span> <span class='ocrx_word' id='word_1_89' title='bbox 638 1169 709 1227; x_wconf 91' lang='lat' dir='ltr'>velle</span> <span class='ocrx_word' id='word_1_90' title='bbox 729 1165 866 1238; x_wconf 91' lang='lat' dir='ltr'>debere,</span> <span class='ocrx_word' id='word_1_91' title='bbox 858 1189 919 1227; x_wconf 94' lang='lat' dir='ltr'>non</span> <span class='ocrx_word' id='word_1_92' title='bbox 939 1171 1032 1228; x_wconf 91' lang='lat' dir='ltr'>dubit-</span> 
     </span>
    </p>

    <p class='ocr_par' dir='ltr' id='par_1_4' title="bbox 90 1266 1033 1441">
     <span class='ocr_line' id='line_1_11' title="bbox 90 1266 1033 1342; baseline 0.004 -20"><span class='ocrx_word' id='word_1_93' title='bbox 90 1267 136 1322; x_wconf 89' lang='lat' dir='ltr'>avi</span> <span class='ocrx_word' id='word_1_94' title='bbox 155 1266 220 1324; x_wconf 87' lang='lat' dir='ltr'>ida</span> <span class='ocrx_word' id='word_1_95' title='bbox 240 1276 267 1324; x_wconf 87' lang='lat' dir='ltr'>te</span> <span class='ocrx_word' id='word_1_96' title='bbox 288 1285 340 1342; x_wconf 90' lang='lat' dir='ltr'>per</span> <span class='ocrx_word' id='word_1_97' title='bbox 361 1267 468 1325; x_wconf 88' lang='lat' dir='ltr'>litteras</span> <span class='ocrx_word' id='word_1_98' title='bbox 490 1277 596 1342; x_wconf 85' lang='lat' dir='ltr'>petere,</span> <span class='ocrx_word' id='word_1_99' title='bbox 611 1267 691 1341; x_wconf 91' lang='lat' dir='ltr'>quod</span> <span class='ocrx_word' id='word_1_100' title='bbox 712 1267 782 1324; x_wconf 91' lang='lat' dir='ltr'>mihi</span> <span class='ocrx_word' id='word_1_101' title='bbox 804 1268 935 1324; x_wconf 92' lang='lat' dir='ltr'>omnium</span> <span class='ocrx_word' id='word_1_102' title='bbox 957 1279 1033 1326; x_wconf 89' lang='lat' dir='ltr'>esset</span> 
     </span>
     <span class='ocr_line' id='line_1_12' title="bbox 90 1366 1033 1441; baseline 0.001 -19"><span class='ocrx_word' id='word_1_103' title='bbox 90 1366 252 1422; x_wconf 86' lang='lat' dir='ltr'>maximum</span> <span class='ocrx_word' id='word_1_104' title='bbox 280 1366 464 1440; x_wconf 85' lang='lat' dir='ltr'>maximeque</span> <span class='ocrx_word' id='word_1_105' title='bbox 492 1367 688 1423; x_wconf 87' lang='lat' dir='ltr'>necessarium</span> <span class='ocrx_word' id='word_1_106' title='bbox 699 1385 707 1436; x_wconf 91' lang='lat'>;</span> <span class='ocrx_word' id='word_1_107' title='bbox 740 1383 835 1441; x_wconf 88' lang='lat' dir='ltr'>neque</span> <span class='ocrx_word' id='word_1_108' title='bbox 862 1367 939 1423; x_wconf 90' lang='lat' dir='ltr'>enim</span> <span class='ocrx_word' id='word_1_109' title='bbox 968 1384 1033 1423; x_wconf 90' lang='lat' dir='ltr'>sum</span> 
     </span>
    </p>
   </div>
   <div class='ocr_carea' id='block_1_3' title="bbox 90 1462 1110 1520">
    <p class='ocr_par' dir='ltr' id='par_1_5' title="bbox 90 1462 1110 1520">
     <span class='ocr_line' id='line_1_13' title="bbox 90 1462 1110 1520; baseline 0.004 -4"><span class='ocrx_word' id='word_1_110' title='bbox 90 1464 197 1520; x_wconf 87' lang='lat' dir='ltr'>veritus</span> <span class='ocrx_word' id='word_1_111' title='bbox 237 1480 275 1519; x_wconf 91' lang='lat' dir='ltr'>nc</span> <span class='ocrx_word' id='word_1_112' title='bbox 318 1463 458 1520; x_wconf 88' lang='lat' dir='ltr'>sustinere</span> <span class='ocrx_word' id='word_1_113' title='bbox 501 1472 551 1519; x_wconf 87' lang='lat' dir='ltr'>tua</span> <span class='ocrx_word' id='word_1_114' title='bbox 591 1462 622 1518; x_wconf 92' lang='lat' dir='ltr'>in</span> <span class='ocrx_word' id='word_1_115' title='bbox 656 1480 704 1519; x_wconf 91' lang='lat' dir='ltr'>me</span> <span class='ocrx_word' id='word_1_116' title='bbox 736 1462 782 1519; x_wconf 89' lang='lat' dir='ltr'>vel</span> <span class='ocrx_word' id='word_1_117' title='bbox 814 1463 1033 1520; x_wconf 87' lang='lat' dir='ltr'>innumerabilia</span> <span class='ocrx_word' id='word_1_118' title='bbox 1108 1497 1110 1501; x_wconf 66' lang='lat'>,</span> 
     </span>
    </p>
   </div>
   <div class='ocr_carea' id='block_1_4' title="bbox 92 1560 1108 3496">
    <p class='ocr_par' dir='ltr' id='par_1_6' title="bbox 92 1560 1108 3496">
     <span class='ocr_line' id='line_1_14' title="bbox 92 1560 1033 1636; baseline 0.002 -18"><span class='ocrx_word' id='word_1_119' title='bbox 92 1579 154 1618; x_wconf 91' lang='lat' dir='ltr'>non</span> <span class='ocrx_word' id='word_1_120' title='bbox 181 1578 309 1635; x_wconf 85' lang='lat' dir='ltr'>possem,</span> <span class='ocrx_word' id='word_1_121' title='bbox 337 1578 404 1618; x_wconf 92' lang='lat' dir='ltr'>cum</span> <span class='ocrx_word' id='word_1_122' title='bbox 432 1561 600 1636; x_wconf 88' lang='lat' dir='ltr'>praesertim</span> <span class='ocrx_word' id='word_1_123' title='bbox 629 1561 805 1619; x_wconf 87' lang='lat' dir='ltr'>confiderem</span> <span class='ocrx_word' id='word_1_124' title='bbox 834 1560 942 1618; x_wconf 90' lang='lat' dir='ltr'>nullam</span> <span class='ocrx_word' id='word_1_125' title='bbox 969 1580 1033 1620; x_wconf 89' lang='lat' dir='ltr'>esse</span> 
     </span>
     <span class='ocr_line' id='line_1_15' title="bbox 92 1657 1034 1734; baseline 0.003 -20"><span class='ocrx_word' id='word_1_126' title='bbox 92 1659 214 1733; x_wconf 82' lang='lat' dir='ltr'>gratiam</span> <span class='ocrx_word' id='word_1_127' title='bbox 235 1668 353 1727; x_wconf 88' lang='lat' dir='ltr'>tantam,</span> <span class='ocrx_word' id='word_1_128' title='bbox 375 1676 464 1732; x_wconf 84' lang='lat' dir='ltr'>quarn</span> <span class='ocrx_word' id='word_1_129' title='bbox 485 1676 545 1716; x_wconf 95' lang='lat' dir='ltr'>non</span> <span class='ocrx_word' id='word_1_130' title='bbox 566 1657 610 1714; x_wconf 89' lang='lat' dir='ltr'>vel</span> <span class='ocrx_word' id='word_1_131' title='bbox 635 1677 739 1734; x_wconf 87' lang='lat' dir='ltr'>capere</span> <span class='ocrx_word' id='word_1_132' title='bbox 763 1659 876 1717; x_wconf 88' lang='lat' dir='ltr'>animus</span> <span class='ocrx_word' id='word_1_133' title='bbox 899 1677 982 1717; x_wconf 90' lang='lat' dir='ltr'>meus</span> <span class='ocrx_word' id='word_1_134' title='bbox 1003 1661 1034 1717; x_wconf 92' lang='lat' dir='ltr'>in</span> 
     </span>
     <span class='ocr_line' id='line_1_16' title="bbox 93 1754 1034 1830; baseline 0.003 -18"><span class='ocrx_word' id='word_1_135' title='bbox 93 1755 261 1830; x_wconf 89' lang='lat' dir='ltr'>accipiendo</span> <span class='ocrx_word' id='word_1_136' title='bbox 278 1754 322 1811; x_wconf 91' lang='lat' dir='ltr'>vel</span> <span class='ocrx_word' id='word_1_137' title='bbox 341 1755 369 1811; x_wconf 95' lang='lat' dir='ltr'>in</span> <span class='ocrx_word' id='word_1_138' title='bbox 392 1754 603 1812; x_wconf 90' lang='lat' dir='ltr'>remunerando</span> <span class='ocrx_word' id='word_1_139' title='bbox 625 1755 770 1813; x_wconf 90' lang='lat' dir='ltr'>cumulare</span> <span class='ocrx_word' id='word_1_140' title='bbox 792 1765 877 1830; x_wconf 88' lang='lat' dir='ltr'>atque</span> <span class='ocrx_word' id='word_1_141' title='bbox 898 1757 1034 1815; x_wconf 91' lang='lat' dir='ltr'>illustrare</span> 
     </span>
     <span class='ocr_line' id='line_1_17' title="bbox 93 1850 1033 1930; baseline 0 -19"><span class='ocrx_word' id='word_1_142' title='bbox 93 1862 200 1929; x_wconf 83' lang='lat' dir='ltr'>posset</span> <span class='ocrx_word' id='word_1_143' title='bbox 251 1871 278 1925; x_wconf 87' lang='lat'>3.</span> <span class='ocrx_word' id='word_1_144' title='bbox 309 1850 375 1927; x_wconf 90' lang='lat' dir='ltr'>Ego</span> <span class='ocrx_word' id='word_1_145' title='bbox 404 1853 502 1910; x_wconf 85' lang='lat' dir='ltr'>omnia</span> <span class='ocrx_word' id='word_1_146' title='bbox 528 1869 594 1910; x_wconf 87' lang='lat' dir='ltr'>mea</span> <span class='ocrx_word' id='word_1_147' title='bbox 622 1852 724 1923; x_wconf 89' lang='lat' dir='ltr'>studia,</span> <span class='ocrx_word' id='word_1_148' title='bbox 753 1870 873 1912; x_wconf 91' lang='lat' dir='ltr'>omnem</span> <span class='ocrx_word' id='word_1_149' title='bbox 906 1871 1033 1930; x_wconf 85' lang='lat' dir='ltr'>operam,</span> 
     </span>
     <span class='ocr_line' id='line_1_18' title="bbox 94 1933 1034 2027; baseline 0.002 -19"><span class='ocrx_word' id='word_1_150' title='bbox 94 1969 202 2020; x_wconf 89' lang='lat' dir='ltr'>curam,</span> <span class='ocrx_word' id='word_1_151' title='bbox 217 1949 394 2020; x_wconf 88' lang='lat' dir='ltr'>industriam,</span> <span class='ocrx_word' id='word_1_152' title='bbox 407 1950 623 2025; x_wconf 83' lang='lat' dir='ltr'>cogitationem,</span> <span class='ocrx_word' id='word_1_153' title='bbox 635 1933 768 2008; x_wconf 86' lang='lat' dir='ltr'>mentem</span> <span class='ocrx_word' id='word_1_154' title='bbox 776 1950 901 2027; x_wconf 92' lang='lat' dir='ltr'>denique</span> <span class='ocrx_word' id='word_1_155' title='bbox 916 1970 1034 2010; x_wconf 90' lang='lat' dir='ltr'>ornnem</span> 
     </span>
     <span class='ocr_line' id='line_1_19' title="bbox 94 2048 1035 2124; baseline 0.001 -17"><span class='ocrx_word' id='word_1_156' title='bbox 94 2051 125 2107; x_wconf 92' lang='lat' dir='ltr'>in</span> <span class='ocrx_word' id='word_1_157' title='bbox 140 2048 259 2106; x_wconf 89' lang='lat' dir='ltr'>Milonis</span> <span class='ocrx_word' id='word_1_158' title='bbox 274 2048 424 2106; x_wconf 88' lang='lat' dir='ltr'>consulatu</span> <span class='ocrx_word' id='word_1_159' title='bbox 439 2048 489 2104; x_wconf 88' lang='lat' dir='ltr'>fixi</span> <span class='ocrx_word' id='word_1_160' title='bbox 503 2057 531 2105; x_wconf 91' lang='lat' dir='ltr'>et</span> <span class='ocrx_word' id='word_1_161' title='bbox 545 2048 645 2118; x_wconf 84' lang='lat' dir='ltr'>locavi,</span> <span class='ocrx_word' id='word_1_162' title='bbox 661 2049 803 2124; x_wconf 89' lang='lat' dir='ltr'>statuique</span> <span class='ocrx_word' id='word_1_163' title='bbox 817 2049 847 2106; x_wconf 88' lang='lat' dir='ltr'>in</span> <span class='ocrx_word' id='word_1_164' title='bbox 862 2068 897 2107; x_wconf 90' lang='lat' dir='ltr'>eo</span> <span class='ocrx_word' id='word_1_165' title='bbox 912 2068 960 2108; x_wconf 91' lang='lat' dir='ltr'>me</span> <span class='ocrx_word' id='word_1_166' title='bbox 974 2069 1035 2109; x_wconf 92' lang='lat' dir='ltr'>non</span> 
     </span>
     <span class='ocr_line' id='line_1_20' title="bbox 94 2145 1036 2220; baseline 0.001 -15"><span class='ocrx_word' id='word_1_167' title='bbox 94 2148 181 2205; x_wconf 85' lang='lat' dir='ltr'>officii</span> <span class='ocrx_word' id='word_1_168' title='bbox 202 2146 298 2204; x_wconf 91' lang='lat' dir='ltr'>solum</span> <span class='ocrx_word' id='word_1_169' title='bbox 318 2145 441 2204; x_wconf 85' lang='lat' dir='ltr'>fructum</span> <span class='ocrx_word' id='word_1_170' title='bbox 467 2146 519 2204; x_wconf 92' lang='lat' dir='ltr'>sed</span> <span class='ocrx_word' id='word_1_171' title='bbox 543 2146 629 2203; x_wconf 86' lang='lat' dir='ltr'>etiarn</span> <span class='ocrx_word' id='word_1_172' title='bbox 654 2147 767 2220; x_wconf 88' lang='lat' dir='ltr'>pietatis</span> <span class='ocrx_word' id='word_1_173' title='bbox 790 2147 905 2204; x_wconf 84' lang='lat' dir='ltr'>laudern</span> <span class='ocrx_word' id='word_1_174' title='bbox 931 2147 1036 2206; x_wconf 88' lang='lat' dir='ltr'>debere</span> 
     </span>
     <span class='ocr_line' id='line_1_21' title="bbox 96 2243 1036 2321; baseline 0.001 -18"><span class='ocrx_word' id='word_1_175' title='bbox 96 2263 254 2321; x_wconf 80' lang='lat' dir='ltr'>quaerere3</span> <span class='ocrx_word' id='word_1_176' title='bbox 276 2261 371 2318; x_wconf 89' lang='lat' dir='ltr'>neque</span> <span class='ocrx_word' id='word_1_177' title='bbox 388 2261 457 2301; x_wconf 88' lang='lat' dir='ltr'>vero</span> <span class='ocrx_word' id='word_1_178' title='bbox 477 2244 611 2318; x_wconf 91' lang='lat' dir='ltr'>cuiquam</span> <span class='ocrx_word' id='word_1_179' title='bbox 631 2244 752 2301; x_wconf 89' lang='lat' dir='ltr'>salutem</span> <span class='ocrx_word' id='word_1_180' title='bbox 772 2263 806 2303; x_wconf 93' lang='lat' dir='ltr'>ac</span> <span class='ocrx_word' id='word_1_181' title='bbox 826 2243 955 2303; x_wconf 85' lang='lat' dir='ltr'>fortuna&#39;s</span> <span class='ocrx_word' id='word_1_182' title='bbox 970 2264 1036 2305; x_wconf 90' lang='lat' dir='ltr'>suas</span> 
     </span>
     <span class='ocr_line' id='line_1_22' title="bbox 96 2342 1037 2418; baseline 0.001 -16"><span class='ocrx_word' id='word_1_183' title='bbox 96 2355 192 2402; x_wconf 86' lang='lat' dir='ltr'>tantae</span> <span class='ocrx_word' id='word_1_184' title='bbox 212 2360 297 2400; x_wconf 87' lang='lat' dir='ltr'>curae</span> <span class='ocrx_word' id='word_1_185' title='bbox 311 2342 398 2400; x_wconf 88' lang='lat' dir='ltr'>fuisse</span> <span class='ocrx_word' id='word_1_186' title='bbox 413 2360 552 2418; x_wconf 89' lang='lat' dir='ltr'>umquam</span> <span class='ocrx_word' id='word_1_187' title='bbox 566 2352 645 2416; x_wconf 87' lang='lat' dir='ltr'>puto,</span> <span class='ocrx_word' id='word_1_188' title='bbox 661 2353 786 2418; x_wconf 87' lang='lat' dir='ltr'>quantae</span> <span class='ocrx_word' id='word_1_189' title='bbox 800 2343 870 2400; x_wconf 91' lang='lat' dir='ltr'>mihi</span> <span class='ocrx_word' id='word_1_190' title='bbox 884 2354 928 2401; x_wconf 90' lang='lat' dir='ltr'>est</span> <span class='ocrx_word' id='word_1_191' title='bbox 942 2345 1037 2404; x_wconf 92' lang='lat' dir='ltr'>honos</span> 
     </span>
     <span class='ocr_line' id='line_1_23' title="bbox 95 2438 1036 2514; baseline 0.002 -16"><span class='ocrx_word' id='word_1_192' title='bbox 95 2442 166 2508; x_wconf 79' lang='lat' dir='ltr'>cius,</span> <span class='ocrx_word' id='word_1_193' title='bbox 188 2440 219 2496; x_wconf 93' lang='lat' dir='ltr'>in</span> <span class='ocrx_word' id='word_1_194' title='bbox 243 2456 302 2514; x_wconf 93' lang='lat' dir='ltr'>quo</span> <span class='ocrx_word' id='word_1_195' title='bbox 325 2439 424 2496; x_wconf 91' lang='lat' dir='ltr'>omnia</span> <span class='ocrx_word' id='word_1_196' title='bbox 446 2456 512 2495; x_wconf 89' lang='lat' dir='ltr'>mea</span> <span class='ocrx_word' id='word_1_197' title='bbox 533 2439 629 2512; x_wconf 85' lang='lat' dir='ltr'>posita</span> <span class='ocrx_word' id='word_1_198' title='bbox 652 2455 716 2496; x_wconf 91' lang='lat' dir='ltr'>esse</span> <span class='ocrx_word' id='word_1_199' title='bbox 738 2438 860 2498; x_wconf 88' lang='lat' dir='ltr'>decrevi.</span> <span class='ocrx_word' id='word_1_200' title='bbox 901 2440 980 2499; x_wconf 93' lang='lat' dir='ltr'>Huic</span> <span class='ocrx_word' id='word_1_201' title='bbox 1008 2452 1036 2500; x_wconf 91' lang='lat' dir='ltr'>te</span> 
     </span>
     <span class='ocr_line' id='line_1_24' title="bbox 95 2536 1036 2614; baseline 0 -16"><span class='ocrx_word' id='word_1_202' title='bbox 95 2555 186 2598; x_wconf 91' lang='lat' dir='ltr'>unum</span> <span class='ocrx_word' id='word_1_203' title='bbox 207 2545 288 2595; x_wconf 85' lang='lat' dir='ltr'>tanto</span> <span class='ocrx_word' id='word_1_204' title='bbox 309 2536 477 2595; x_wconf 88' lang='lat' dir='ltr'>adiumento</span> <span class='ocrx_word' id='word_1_205' title='bbox 496 2553 569 2608; x_wconf 90' lang='lat' dir='ltr'>esse,</span> <span class='ocrx_word' id='word_1_206' title='bbox 590 2536 614 2594; x_wconf 90' lang='lat' dir='ltr'>si</span> <span class='ocrx_word' id='word_1_207' title='bbox 635 2537 768 2608; x_wconf 87' lang='lat' dir='ltr'>volueris,</span> <span class='ocrx_word' id='word_1_208' title='bbox 783 2556 870 2614; x_wconf 88' lang='lat' dir='ltr'>posse</span> <span class='ocrx_word' id='word_1_209' title='bbox 891 2539 1036 2614; x_wconf 90' lang='lat' dir='ltr'>intellego,</span> 
     </span>
     <span class='ocr_line' id='line_1_25' title="bbox 96 2635 1036 2710; baseline 0.003 -17"><span class='ocrx_word' id='word_1_210' title='bbox 96 2647 128 2693; x_wconf 91' lang='lat' dir='ltr'>ut</span> <span class='ocrx_word' id='word_1_211' title='bbox 142 2635 211 2692; x_wconf 92' lang='lat' dir='ltr'>nihil</span> <span class='ocrx_word' id='word_1_212' title='bbox 226 2635 262 2692; x_wconf 92' lang='lat' dir='ltr'>sit</span> <span class='ocrx_word' id='word_1_213' title='bbox 275 2644 423 2709; x_wconf 88' lang='lat' dir='ltr'>praeterea</span> <span class='ocrx_word' id='word_1_214' title='bbox 437 2635 522 2692; x_wconf 93' lang='lat' dir='ltr'>nobis</span> <span class='ocrx_word' id='word_1_215' title='bbox 536 2635 750 2710; x_wconf 91' lang='lat' dir='ltr'>requirendum.</span> <span class='ocrx_word' id='word_1_216' title='bbox 793 2635 946 2694; x_wconf 85' lang='lat' dir='ltr'>Habemus</span> <span class='ocrx_word' id='word_1_217' title='bbox 964 2637 1036 2696; x_wconf 88' lang='lat' dir='ltr'>haec</span> 
     </span>
     <span class='ocr_line' id='line_1_26' title="bbox 97 2733 1038 2811; baseline -0.001 -18"><span class='ocrx_word' id='word_1_218' title='bbox 97 2735 206 2793; x_wconf 89' lang='lat' dir='ltr'>omnia:</span> <span class='ocrx_word' id='word_1_219' title='bbox 221 2733 366 2790; x_wconf 92' lang='lat' dir='ltr'>bonorum</span> <span class='ocrx_word' id='word_1_220' title='bbox 381 2733 507 2790; x_wconf 90' lang='lat' dir='ltr'>studium</span> <span class='ocrx_word' id='word_1_221' title='bbox 522 2733 707 2790; x_wconf 89' lang='lat' dir='ltr'>conciliatum</span> <span class='ocrx_word' id='word_1_222' title='bbox 718 2752 754 2790; x_wconf 87' lang='lat' dir='ltr'>ex</span> <span class='ocrx_word' id='word_1_223' title='bbox 765 2735 908 2792; x_wconf 87' lang='lat' dir='ltr'>tribunatu</span> <span class='ocrx_word' id='word_1_224' title='bbox 920 2746 1038 2811; x_wconf 90' lang='lat' dir='ltr'>propter</span> 
     </span>
     <span class='ocr_line' id='line_1_27' title="bbox 96 2828 1108 2908; baseline 0 -17"><span class='ocrx_word' id='word_1_225' title='bbox 96 2842 235 2900; x_wconf 87' lang='lat' dir='ltr'>nostram,</span> <span class='ocrx_word' id='word_1_226' title='bbox 250 2838 282 2886; x_wconf 93' lang='lat' dir='ltr'>ut</span> <span class='ocrx_word' id='word_1_227' title='bbox 296 2846 382 2904; x_wconf 90' lang='lat' dir='ltr'>spero</span> <span class='ocrx_word' id='word_1_228' title='bbox 396 2839 423 2886; x_wconf 90' lang='lat' dir='ltr'>te</span> <span class='ocrx_word' id='word_1_229' title='bbox 438 2828 611 2904; x_wconf 89' lang='lat' dir='ltr'>intellegere,</span> <span class='ocrx_word' id='word_1_230' title='bbox 627 2848 760 2900; x_wconf 80' lang='lat' dir='ltr'>causam3</span> <span class='ocrx_word' id='word_1_231' title='bbox 775 2831 851 2905; x_wconf 88' lang='lat' dir='ltr'>volgi</span> <span class='ocrx_word' id='word_1_232' title='bbox 865 2850 900 2890; x_wconf 85' lang='lat' dir='ltr'>ac</span> <span class='ocrx_word' id='word_1_233' title='bbox 913 2833 1038 2891; x_wconf 90' lang='lat' dir='ltr'>multitu·</span> <span class='ocrx_word' id='word_1_234' title='bbox 1106 2905 1108 2908; x_wconf 11' lang='lat' dir='ltr'>y</span> 
     </span>
     <span class='ocr_line' id='line_1_28' title="bbox 96 2928 1037 3008; baseline 0.001 -19"><span class='ocrx_word' id='word_1_235' title='bbox 96 2932 173 2989; x_wconf 82' lang='lat' dir='ltr'>(linis</span> <span class='ocrx_word' id='word_1_236' title='bbox 197 2937 315 3004; x_wconf 89' lang='lat' dir='ltr'>propter</span> <span class='ocrx_word' id='word_1_237' title='bbox 339 2928 584 3003; x_wconf 84' lang='lat' dir='ltr'>magnificentiam</span> <span class='ocrx_word' id='word_1_238' title='bbox 607 2947 761 2987; x_wconf 89' lang='lat' dir='ltr'>munerum</span> <span class='ocrx_word' id='word_1_239' title='bbox 785 2929 1037 3008; x_wconf 86' lang='lat' dir='ltr'>liberalitatemque</span> 
     </span>
     <span class='ocr_line' id='line_1_29' title="bbox 97 3026 1037 3105; baseline -0.002 -17"><span class='ocrx_word' id='word_1_240' title='bbox 97 3040 228 3096; x_wconf 81' lang='lat' dir='ltr'>naturae3</span> <span class='ocrx_word' id='word_1_241' title='bbox 243 3027 394 3085; x_wconf 89' lang='lat' dir='ltr'>iuventutis</span> <span class='ocrx_word' id='word_1_242' title='bbox 406 3036 434 3084; x_wconf 92' lang='lat' dir='ltr'>et</span> <span class='ocrx_word' id='word_1_243' title='bbox 444 3027 637 3101; x_wconf 86' lang='lat' dir='ltr'>gratiosorum</span> <span class='ocrx_word' id='word_1_244' title='bbox 649 3027 678 3083; x_wconf 94' lang='lat' dir='ltr'>in</span> <span class='ocrx_word' id='word_1_245' title='bbox 690 3026 833 3101; x_wconf 86' lang='lat' dir='ltr'>suffragiis</span> <span class='ocrx_word' id='word_1_246' title='bbox 846 3027 939 3085; x_wconf 89' lang='lat' dir='ltr'>studia</span> <span class='ocrx_word' id='word_1_247' title='bbox 949 3047 1037 3105; x_wconf 90' lang='lat' dir='ltr'>prop-</span> 
     </span>
     <span class='ocr_line' id='line_1_30' title="bbox 95 3123 1038 3202; baseline -0.003 -15"><span class='ocrx_word' id='word_1_248' title='bbox 95 3141 138 3188; x_wconf 90' lang='lat' dir='ltr'>ter</span> <span class='ocrx_word' id='word_1_249' title='bbox 152 3127 243 3202; x_wconf 90' lang='lat' dir='ltr'>ipsius</span> <span class='ocrx_word' id='word_1_250' title='bbox 257 3123 444 3182; x_wconf 83' lang='lat' dir='ltr'>excellentem</span> <span class='ocrx_word' id='word_1_251' title='bbox 458 3125 489 3181; x_wconf 92' lang='lat' dir='ltr'>in</span> <span class='ocrx_word' id='word_1_252' title='bbox 503 3141 539 3182; x_wconf 93' lang='lat' dir='ltr'>eo</span> <span class='ocrx_word' id='word_1_253' title='bbox 553 3143 660 3199; x_wconf 90' lang='lat' dir='ltr'>genere</span> <span class='ocrx_word' id='word_1_254' title='bbox 670 3123 715 3182; x_wconf 92' lang='lat' dir='ltr'>vel</span> <span class='ocrx_word' id='word_1_255' title='bbox 729 3124 851 3200; x_wconf 86' lang='lat' dir='ltr'>gratiam</span> <span class='ocrx_word' id='word_1_256' title='bbox 861 3125 907 3182; x_wconf 91' lang='lat' dir='ltr'>vel</span> <span class='ocrx_word' id='word_1_257' title='bbox 918 3126 1038 3201; x_wconf 90' lang='lat' dir='ltr'>diligen-</span> 
     </span>
     <span class='ocr_line' id='line_1_31' title="bbox 96 3222 1040 3300; baseline -0.003 -15"><span class='ocrx_word' id='word_1_258' title='bbox 96 3229 166 3286; x_wconf 85' lang='lat' dir='ltr'>tiam</span> <span class='ocrx_word' id='word_1_259' title='bbox 171 3244 178 3295; x_wconf 93' lang='lat'>;</span> <span class='ocrx_word' id='word_1_260' title='bbox 201 3233 329 3281; x_wconf 86' lang='lat' dir='ltr'>nostram</span> <span class='ocrx_word' id='word_1_261' title='bbox 349 3222 593 3298; x_wconf 85' lang='lat' dir='ltr'>suffragationem,</span> <span class='ocrx_word' id='word_1_262' title='bbox 608 3224 632 3281; x_wconf 92' lang='lat' dir='ltr'>si</span> <span class='ocrx_word' id='word_1_263' title='bbox 646 3224 742 3281; x_wconf 90' lang='lat' dir='ltr'>minus</span> <span class='ocrx_word' id='word_1_264' title='bbox 756 3232 914 3298; x_wconf 89' lang='lat' dir='ltr'>potentem,</span> <span class='ocrx_word' id='word_1_265' title='bbox 930 3234 959 3280; x_wconf 88' lang='lat' dir='ltr'>at</span> <span class='ocrx_word' id='word_1_266' title='bbox 972 3243 1040 3300; x_wconf 90' lang='lat' dir='ltr'>pro-</span> 
     </span>
     <span class='ocr_line' id='line_1_32' title="bbox 96 3319 1040 3396; baseline -0.005 -13"><span class='ocrx_word' id='word_1_267' title='bbox 96 3328 195 3383; x_wconf 87' lang='lat' dir='ltr'>batam</span> <span class='ocrx_word' id='word_1_268' title='bbox 216 3331 313 3378; x_wconf 89' lang='lat' dir='ltr'>tamen</span> <span class='ocrx_word' id='word_1_269' title='bbox 334 3329 363 3377; x_wconf 91' lang='lat' dir='ltr'>et</span> <span class='ocrx_word' id='word_1_270' title='bbox 381 3320 485 3377; x_wconf 91' lang='lat' dir='ltr'>iustam</span> <span class='ocrx_word' id='word_1_271' title='bbox 503 3331 531 3376; x_wconf 90' lang='lat' dir='ltr'>et</span> <span class='ocrx_word' id='word_1_272' title='bbox 551 3319 677 3378; x_wconf 91' lang='lat' dir='ltr'>debitam</span> <span class='ocrx_word' id='word_1_273' title='bbox 699 3331 727 3378; x_wconf 90' lang='lat' dir='ltr'>et</span> <span class='ocrx_word' id='word_1_274' title='bbox 746 3331 900 3396; x_wconf 88' lang='lat' dir='ltr'>propterea</span> <span class='ocrx_word' id='word_1_275' title='bbox 919 3319 1040 3378; x_wconf 89' lang='lat' dir='ltr'>fortasse</span> 
     </span>
     <span class='ocr_line' id='line_1_33' title="bbox 97 3417 1040 3496; baseline -0.002 -18"><span class='ocrx_word' id='word_1_276' title='bbox 97 3421 183 3479; x_wconf 85' lang='lat' dir='ltr'>etiarn</span> <span class='ocrx_word' id='word_1_277' title='bbox 197 3418 362 3495; x_wconf 87' lang='lat' dir='ltr'>gratiosam.</span> <span class='ocrx_word' id='word_1_278' title='bbox 405 3436 433 3491; x_wconf 84' lang='lat'>4.</span> <span class='ocrx_word' id='word_1_279' title='bbox 455 3417 525 3476; x_wconf 87' lang='lat' dir='ltr'>Dux</span> <span class='ocrx_word' id='word_1_280' title='bbox 540 3419 626 3478; x_wconf 90' lang='lat' dir='ltr'>nobis</span> <span class='ocrx_word' id='word_1_281' title='bbox 640 3429 668 3477; x_wconf 91' lang='lat' dir='ltr'>et</span> <span class='ocrx_word' id='word_1_282' title='bbox 683 3432 785 3478; x_wconf 86' lang='lat' dir='ltr'>auctor</span> <span class='ocrx_word' id='word_1_283' title='bbox 800 3436 876 3496; x_wconf 89' lang='lat' dir='ltr'>opus</span> <span class='ocrx_word' id='word_1_284' title='bbox 891 3428 934 3478; x_wconf 87' lang='lat' dir='ltr'>cst</span> <span class='ocrx_word' id='word_1_285' title='bbox 949 3418 976 3477; x_wconf 88' lang='lat' dir='ltr'>et&#39;</span> <span class='ocrx_word' id='word_1_286' title='bbox 990 3435 1040 3476; x_wconf 92' lang='lat' dir='ltr'>eo-</span> 
     </span>
    </p>
   </div>
   <div class='ocr_carea' id='block_1_5' title="bbox 0 0 1191 3810">
    <p class='ocr_par' dir='ltr' id='par_1_7' title="bbox 0 0 1191 3810">
     <span class='ocr_line' id='line_1_34' title="bbox 0 0 1191 3810; baseline 0 0"><span class='ocrx_word' id='word_1_287' title='bbox 0 0 1191 3810; x_wconf 95' lang='lat' dir='ltr'> </span> 
     </span>
    </p>
   </div>
  </div>
 </body>
</html>
