2356 3810
115 228 176 276 soa
371 225 409 274 M.
436 224 557 272 ronan
579 225 767 272 CICERONIS
930 211 1001 294 [rm
1017 224 1057 273 iv.

114 380 273 457 prudentia,
295 379 398 456 quibus
417 381 503 438 rebus
524 381 657 456 gaudeat,
672 381 778 457 quibus
795 381 924 456 capiatur
941 379 1058 449 Caesar,

113 489 196 537 tenes
208 499 216 550 ;
238 496 255 536 a
278 487 307 536 te
332 479 431 535 omnia
456 479 675 552 proficiscantur
700 489 729 537 et
752 498 804 554 per
828 489 856 537 te
884 479 922 536 ad
950 479 1059 537 exitum

114 577 307 653 perducantur
324 594 443 634 necesse
463 584 525 647 est;
548 578 626 652 apud
645 578 741 653 ipsum
759 576 891 646 multum,
905 577 986 652 apud
1001 577 1061 633 eius

115 693 219 732 omnes
232 675 389 748 plurimum
404 683 496 749 potes.
540 676 565 731 6.
581 673 682 731 Unum
698 675 749 732 tibi
764 675 788 740 si
801 675 989 749 persuaseris,
1001 692 1061 731 non

114 772 172 829 hoc
194 789 258 829 esse
279 771 320 827 tui
341 772 477 841 muneris,
496 771 521 828 si
539 771 609 846 quid
629 780 747 846 rogatus
767 771 862 841 fueris,
880 782 912 828 ut
929 770 1061 832 facias—

116 887 292 945 quamquam
307 867 336 924 id
351 887 491 944 magnum
506 879 534 926 et
549 869 679 944 amplum
693 879 784 938 est-,
800 868 852 927 sed
866 879 962 927 totum
979 879 1061 928 tuum

116 986 180 1025 esse
199 985 281 1037 onus,
297 967 444 1042 perficies:
467 968 522 1025 nisi
541 966 614 1025 forte
634 976 683 1024 aut
701 968 731 1023 in
745 967 861 1026 miseria
874 968 962 1025 nimis
978 968 1062 1026 stulte

117 1075 165 1123 aut
179 1065 208 1122 in
224 1065 348 1123 amicitia
362 1066 447 1123 nimis
462 1065 645 1141 impudenter
663 1065 714 1122 tibi
733 1083 808 1123 onus
827 1065 960 1140 impono.
1004 1065 1062 1124 Sed

116 1164 228 1238 utrique
242 1164 283 1220 rei
298 1164 516 1221 excusationem
531 1173 596 1220 tuae
611 1163 685 1220 vitae
705 1162 885 1221 consuetudo
905 1163 972 1220 dat:
993 1182 1061 1221 nam

117 1260 197 1336 quod
226 1261 265 1318 ita
292 1262 440 1319 consuesti
467 1279 520 1337 pro
549 1261 649 1318 amicis
677 1261 817 1330 laborare,
846 1278 906 1318 non
934 1260 994 1318 iam
1021 1261 1062 1318 sic

118 1369 234 1435 sperant
256 1359 309 1416 abs
333 1369 370 1428 te,
393 1360 444 1417 sed
469 1359 556 1415 etiam
582 1361 623 1416 sic
648 1358 791 1433 imperant
818 1358 870 1416 tibi
897 1357 1062 1416 familiares.

118 1458 207 1533 ¹Quod
222 1457 259 1516 ad
278 1457 382 1513 librum
402 1456 510 1526 attinet,
526 1475 613 1531 quem
633 1456 684 1513 tibi
703 1456 777 1514 filius
797 1455 884 1526 dabit,
893 1466 969 1533 >peto
989 1467 1062 1527 ate,

119 1574 155 1613 ne
170 1565 262 1626 exeat,
277 1564 327 1611 aut
341 1554 379 1610 ita
394 1555 530 1628 corrigas,
545 1572 582 1611 ne
597 1554 667 1610 mihi
680 1563 792 1611 noceat.

291 1711 340 1768 93.
381 1709 438 1766 AD
459 1708 710 1766 FAMILIARES
732 1708 818 1767 XIII.
839 1727 886 1768 11.

396 1821 461 1883 Scn.
484 1823 594 1882 Rourn
616 1842 699 1883 nuc.
721 1826 788 1896 708.

439 1949 542 1990 crcnno
563 1949 659 1989 sauro
680 1949 742 1990 sna.

162 2064 187 2105 1.
209 2043 291 2118 Qum
308 2039 422 2119 semper
441 2043 628 2102 animadverti
648 2045 777 2103 studiose
797 2053 826 2104 te
845 2063 967 2122 operam
987 2045 1064 2118 dare,

118 2154 151 2202 ut
174 2142 304 2219 nequid
328 2159 460 2199 meorum
484 2141 535 2199 tibi
560 2153 636 2200 esset
660 2143 802 2216 ignotum,
824 2155 979 2218 propterea
1004 2164 1065 2203 non

120 2243 221 2300 dubito
243 2241 312 2318 quin
335 2241 418 2309 scias,
441 2257 502 2297 non
527 2241 622 2297 solum
647 2241 728 2299 cuius
752 2241 900 2317 municipii
926 2243 991 2312 sim,
1014 2243 1066 2301 sed

120 2340 215 2409 etiam,
239 2357 328 2415 quam
358 2338 508 2413 diligenter
537 2338 646 2396 soleam
671 2355 754 2396 meos
778 2339 941 2414 municipes
967 2334 1065 2420 [Arpi-

120 2433 214 2514 nates]
234 2437 323 2494 tueri:
345 2453 470 2510 quorum
486 2436 603 2511 quidem
618 2437 718 2493 omnia
731 2436 888 2494 commoda
902 2454 1066 2514 omnesque

120 2533 278 2603 facultates,
294 2533 399 2609 quibus
419 2544 448 2591 et
466 2552 548 2591 sacra
567 2519 711 2591 conficere
727 2543 756 2590 et
770 2544 845 2591 sarta
860 2543 936 2591 tecta
949 2534 1067 2592 aedium

121 2614 267 2690 sacrarum
287 2633 476 2706 locorumque
497 2632 698 2689 communium
718 2632 792 2689 tueri
812 2632 933 2706 possint,
956 2633 1067 2690 consis-

120 2739 184 2787 tunt
201 2731 231 2788 In
252 2731 285 2793 iis
305 2731 501 2807 vectigalibus,
517 2749 591 2807 quae
612 2730 721 2788 habent
741 2731 771 2787 in
791 2731 942 2806 provincia
963 2729 1066 2790 Gallia.

121 2827 169 2885 Ad
183 2846 218 2886 ea
232 2828 351 2887 visenda
365 2829 571 2905 pecuniasque,
586 2847 661 2904 quae
675 2847 693 2885 a
707 2827 819 2886 colonis
839 2827 991 2898 debentur,
1006 2830 1067 2887 exi·

121 2926 232 3003 gendas
252 2935 402 3003 totamque
421 2945 483 2985 rem
503 2942 531 2985 et
551 2926 791 3002 cognoscendam
813 2934 841 2983 et
861 2927 1067 2985 administran-

122 3026 190 3083 dam
217 3025 329 3100 legatos
357 3026 468 3102 equites
500 3025 653 3082 Romanos
686 3024 826 3095 misimus,
856 3022 895 3095 Q.
920 3023 1068 3082 Fufidium

122 3124 161 3196 Q.
177 3124 204 3195 f,
220 3123 262 3182 M.
277 3123 418 3182 Faucium
437 3122 480 3180 M.
493 3122 520 3193 f,
536 3121 572 3193 Q.
591 3121 774 3180 Mamercum
794 3119 866 3192 Q.f.
911 3141 936 3180 a.
957 3122 1031 3181 Peto
1050 3143 1069 3181 a

123 3235 151 3281 te
165 3225 195 3280 in
209 3223 350 3281 maiorem
364 3221 487 3279 modum
501 3238 555 3296 pro
570 3230 670 3278 nostra
684 3219 906 3289 necessitudine,
921 3229 952 3276 ut
967 3221 1018 3277 tibi
1033 3239 1068 3280 ea

122 3339 169 3378 res
188 3339 272 3378 curae
292 3321 329 3399 sit
347 3337 525 3394 operamque
546 3317 606 3387 des,
621 3327 652 3374 ut
671 3335 724 3392 per
742 3327 771 3374 te
785 3335 873 3393 quam
888 3317 1067 3377 commodis-

123 3419 196 3476 sime
211 3419 361 3494 negotium
380 3416 530 3492 municipii
549 3416 761 3474 administretur
776 3433 864 3499 quam
882 3415 1067 3493 primumque
