2356 3810
123 43 227 92 ili-¹
269 40 281 75 ’ὲ

100 226 144 288 ap.
157 176 227 294 1⁵.].
288 225 401 277 aaran.
423 227 472 272 An
496 226 614 289 Quina.
637 225 741 272 urar.
764 227 787 272 r.
806 229 834 277 2.
888 192 890 196 ¹
992 232 1031 290 41

97 480 230 555 Pompeii
245 481 332 538 facies
347 482 452 538 omnia.
494 481 574 539 Nolo
588 481 700 538 medius
714 480 800 538 fidius
814 498 850 536 ex
865 488 914 536 tua
932 479 1034 536 iniuria

96 577 126 633 in
147 577 226 634 illum
248 577 298 634 tibi
319 577 466 635 liberalem
486 595 534 634 me
555 578 651 644 videri,
674 578 725 635 sed
746 586 774 634 te
796 594 858 646 or0,
872 586 903 633 ut
922 587 952 633 tu
971 576 1033 650 ipse

95 675 296 731 auctoritatem
317 685 345 732 et
365 685 586 732 monumentum
608 674 725 750 aliquod
747 675 852 732 decreti
874 684 922 730 aut
946 673 1034 730 litter-

94 789 176 828 arum
198 780 312 828 tuarum
336 772 488 847 relinquas,
513 772 592 847 quod
621 774 656 830 sit
683 772 721 830 ad
746 771 834 828 Flavii
859 788 920 827 rem
944 769 1032 826 etad

94 887 214 927 causam
235 871 476 928 accomodatum:
498 871 552 928 fert
572 871 650 928 enim
671 870 793 944 graviter
812 868 903 926 homo
925 878 953 925 et
974 869 1031 924 mei

93 968 364 1025 observantissimus
379 978 407 1025 et
421 968 464 1025 sui
478 968 546 1025 iuris
560 968 763 1043 dignitatisque
775 967 901 1024 retinens
914 984 945 1023 se
956 966 1034 1040 apud

93 1074 123 1120 te
142 1082 238 1138 neque
257 1064 382 1120 amicitia
401 1082 456 1122 nec
473 1064 534 1122 iure
551 1063 689 1134 valuisse;
711 1073 748 1132 et,
764 1074 795 1120 ut
813 1064 927 1138 opinor,
945 1061 1034 1118 Flavii

93 1161 251 1235 aliquando
264 1179 326 1218 rem
341 1171 370 1218 et
384 1160 541 1236 Pompeius
555 1172 584 1219 et
598 1161 705 1220 Caesar
719 1161 770 1219 tibi
781 1160 1032 1227 commendarunt,

94 1260 199 1335 etipse
216 1259 253 1316 ad
273 1268 301 1316 te
318 1259 471 1333 scripserat
490 1259 603 1317 Flavius
621 1268 649 1317 et
667 1277 724 1333 ego
744 1267 828 1316 certe.
871 1256 940 1327 Qua
958 1275 989 1314 re
1008 1257 1033 1312 si

93 1357 153 1414 ulla
166 1375 212 1415 res
227 1366 278 1426 est,
293 1375 381 1431 quarn
400 1356 450 1413 tibi
469 1374 517 1413 me
535 1366 651 1432 petente
670 1356 833 1414 faciendam
852 1364 944 1430 puteS,
959 1354 1033 1412 haec

94 1473 130 1512 ea
150 1454 192 1511 sit
236 1452 266 1511 Si
286 1472 334 1510 me
356 1471 445 1521 amas,
461 1472 536 1524 cura,
552 1449 675 1523 elabora,
690 1453 804 1529 perfice,
821 1462 853 1509 ut
871 1451 985 1508 Flavius
1004 1463 1033 1508 et

94 1552 145 1609 tibi
160 1561 188 1609 et
202 1551 273 1609 mihi
286 1569 375 1626 quam
389 1551 531 1609 maximas
545 1552 651 1626 gratias
665 1561 748 1627 agat:
769 1549 827 1608 hoc
843 1559 872 1607 te
892 1550 932 1606 ita
950 1566 1032 1623 rogo,

94 1659 126 1706 ut
141 1650 248 1706 maiore
264 1649 359 1707 studio
373 1667 478 1724 rogare
492 1667 553 1706 non
567 1651 686 1724 possim.

136 1746 187 1803 IV.
214 1766 257 1804 12.
280 1745 371 1816 Quod
389 1746 427 1803 ad
444 1765 492 1804 me
512 1747 548 1803 de
568 1746 689 1804 Hermia
707 1746 815 1816 scribis,
830 1745 900 1802 mihi
920 1745 1032 1802 meher-

98 1847 163 1904 cule
174 1845 256 1903 valde
270 1834 424 1902 molestum
443 1844 502 1902 fuit.
545 1844 668 1903 Litteras
687 1845 724 1903 ad
742 1855 770 1902 te
788 1863 890 1919 parum
909 1843 1031 1902 fraterne

97 1945 288 2019 scripseram;
309 1960 381 2016 quas
402 1943 531 2000 oratione
553 1942 682 2012 Diodoti,
701 1941 813 2000 Luculli
832 1941 933 2010 liberti,
953 1959 1033 1998 com-

93 2051 200 2109 motus,
229 2041 265 2098 de
293 2041 427 2115 pactione
455 2013 575 2097 slati'r'r‘i
579 2022 658 2114 quod
674 2030 842 2108 audieram,
867 2038 1031 2096 iracundius

93 2140 266 2214 scripseram
286 2148 315 2195 et
332 2154 466 2194 revocare
485 2137 657 2211 cupiebam·
676 2136 743 2194 huic
762 2146 793 2194 tu
812 2135 950 2210 epistolae
970 2153 1033 2192 non

35 2253 41 2264 ’
92 2237 216 2294 fraterne
231 2235 353 2310 scriptae
367 2234 490 2292 fraterne
510 2235 598 2291 debes
618 2234 778 2308 ignoscere.
824 2251 869 2305 13.
891 2231 937 2288 De
953 2232 1029 2290 Cen-

94 2336 202 2404 sorin0,
230 2332 368 2401 Antonia,
389 2326 505 2402 Cassii,
526 2331 672 2400 Scaevola,
700 2340 729 2388 te
756 2331 829 2388 ab
821 2331 856 2388 ris
884 2329 972 2404 diligi,
1000 2341 1032 2386 ut

93 2432 204 2495 scribis
227 2429 380 2486 vehement
369 2438 412 2485 ter
435 2429 559 2503 gaudeo.
602 2427 705 2486 Cetera
728 2427 878 2485 fuerunt
859 2446 901 2487 tn
929 2427 1032 2485 eadem
1063 2480 1096 2510 4,
1133 2471 1140 2485 .

94 2530 169 2604 epist
158 2528 217 2585 tola
227 2527 367 2602 graviora,
377 2544 465 2600 quam
475 2525 594 2583 vellem.
609 2527 723 2598 ὀρθὰν
696 2550 743 2585 ταν
752 2530 811 2580 ναῦν
821 2510 850 2582 e't
850 2502 931 2594 ἅπαξ
941 2527 1032 2581 θανεῖν.
1044 2572 1050 2581 ,,
1063 2538 1076 2591 ,ξ
1134 2518 1138 2527 ’
1150 2558 1156 2575 .-

93 2627 209 2685 Maiora
230 2627 284 2682 ista
309 2634 407 2681 erunt:
432 2642 515 2682 meae
539 2624 754 2698 obiurgationes
782 2623 897 2680 fuerunt
925 2624 1031 2680 amoris

94 2724 280 2800 plenissimae
288 2741 296 2793 ;
318 2740 392 2796 quae
408 2731 473 2778 sunt
487 2739 548 2778 non
562 2721 647 2791 nulla,
661 2720 712 2778 sed
720 2730 819 2777 tamen
833 2720 990 2777 mediocria
1004 2730 1033 2778 et

93 2839 182 2896 parva
192 2820 296 2894 potius.
324 2818 390 2892 Ego
405 2827 432 2875 te
447 2835 607 2893 numquam
621 2817 679 2874 ulla
692 2818 722 2874 in
735 2836 766 2874 re
778 2817 899 2891 dignum
911 2818 1032 2874 minima

93 2916 319 2994 reprehensione
337 2925 493 2990 putassem,
509 2933 576 2972 cum
595 2925 623 2972 te
642 2914 821 2972 sanctissime
838 2932 961 2989 gereres,
976 2915 1032 2971 nisi

94 3016 228 3073 inimicos
255 3014 361 3071 multos
390 3013 570 3070 haberemus.
613 3010 697 3082 Quae
725 3011 762 3069 ad
790 3022 818 3068 te
846 3012 942 3086 aliqua
973 3031 1032 3068 cum

37 3179 39 3183 .
93 3113 255 3171 monitione
280 3121 328 3168 aut
353 3111 552 3185 obiurgatione
574 3111 683 3185 scripsi,
706 3110 807 3184 scripsi
827 3119 946 3184 propter
968 3109 1030 3166 dili-

93 3211 221 3286 gentiam
241 3209 381 3266 cautionis
400 3226 490 3276 meae,
506 3207 535 3263 in
551 3226 609 3282 qua
627 3217 656 3264 et
674 3223 779 3264 maneo
797 3216 826 3263 et
846 3207 974 3263 manebo
994 3217 1032 3274 et,

94 3309 171 3366 idem
185 3316 217 3364 ut
230 3306 326 3375 faciaS,
337 3323 398 3362 non
413 3305 551 3362 desistam
565 3322 676 3379 rogare.
722 3321 766 3375 14.
782 3303 895 3360 Attalus
911 3302 1030 3377 Hypae·
1077 3370 1078 3373 Ἴ

96 3423 193 3482 penus
205 3422 320 3490 mecum
337 3403 404 3478 egit,
419 3411 450 3462 ut
469 3421 500 3462 se
520 3421 557 3460 ne
576 3402 813 3478 impedires,un
832 3402 936 3473 minus,
952 3404 1032 3479 quod

1066 358 1079 369 ‚s
1096 336 1112 363 ‘f
1130 344 1162 367 ,ἢν

102 394 205 442 contra
221 383 350 440 Flavium
372 384 414 454 sit,
434 383 564 460 amplius.
605 381 643 439 Et
663 382 751 440 Flavii
772 400 858 440 causa
878 391 907 440 et
928 381 1052 439 scilicet«
1088 354 1093 374 .
