2348 3788
117 190 180 256 272
389 185 428 236 M.
454 185 573 234 rurum
593 186 781 236 cressonis
951 171 1019 264 [ran
1031 191 1056 236 v.

118 345 168 420 qui
183 344 260 403 enim
276 343 318 402 M.
334 342 495 402 Antonium
516 345 697 419 oppresserit,
713 345 737 406 is
758 345 867 404 bellum
887 345 1041 405 confecerit
1049 367 1057 418 ;

118 443 214 516 itaque
237 442 386 503 Homerus
408 460 468 500 non
483 442 605 505 Aiacem
626 461 681 500 nec
701 441 853 514 Achillem,
871 443 929 506 ,sed
947 443 1058 507 Ulixem

118 540 271 615 appellavit
284 541 475 613 πτολιπόρθιον.

299 701 366 754 443.
409 695 467 753 An
488 674 741 758 summissas
762 697 814 756 xr.
840 717 886 775 23.
983 765 984 768 ,

213 811 278 872 Sca.
301 810 471 871 Eronumsa
491 832 551 872 vm.
574 814 652 879 Ksr.
674 814 776 876 luntas
796 832 880 874 suc.
903 828 972 890 711.

353 937 381 979 n.
400 938 515 980 fluuius
535 937 558 979 s.
580 939 608 978 n.
625 938 662 980 u.
683 938 824 981 cicuitum.

162 1048 186 1088 1.
209 1030 272 1091 Nos
296 1033 343 1093 hic
366 1033 495 1096 valemus
519 1042 601 1092 recte
622 1043 665 1103 -et,
691 1051 750 1108 quo
773 1034 881 1095 melius
905 1035 1056 1103 valeamus,

118 1145 237 1204 operam
252 1131 395 1191 dabimus.
438 1129 566 1206 Lepidus
584 1131 740 1189 commode
759 1132 844 1189 nobis
863 1133 971 1191 sentire
984 1135 1057 1192 vide·

118 1235 172 1284 tur.
214 1226 304 1285 Omni
325 1229 427 1291 timore
448 1228 582 1303 deposito
602 1229 743 1290 debemus
764 1228 851 1290 libere
869 1229 913 1287 rei
930 1231 1058 1305 publicae

118 1325 278 1385 consulere.
320 1325 410 1396 Quod
434 1327 458 1384 si
480 1327 579 1390 omnia
601 1337 698 1385 essent
722 1327 822 1398 aliena,
847 1336 947 1387 tamen
972 1329 1057 1387 trihus

118 1424 204 1481 tantis
225 1424 403 1494 exercitibus,
423 1425 548 1500 propriis
569 1424 610 1484 rei
630 1425 771 1499 publicae,
790 1424 959 1497 valentibus,
981 1444 1058 1501 mag·

116 1539 189 1580 num
204 1521 333 1578 animum
347 1521 453 1579 habere
468 1522 603 1590 debebas
619 1539 707 1597 quem
724 1532 753 1580 et
767 1540 881 1597 semper
895 1522 1020 1581 habuisti
1033 1535 1059 1582 et

115 1637 196 1679 ,nunc
211 1618 325 1675 fortuna
339 1617 491 1677 adiuvante
506 1636 611 1692 augere
625 1630 719 1694 potes,
763 1639 788 1677 a.
807 1619 891 1690 Quae
906 1620 957 1678 tibi
976 1640 1059 1697 supe-

115 1718 239 1777 rioribus
267 1716 365 1776 litteris
397 1735 464 1776 mea
497 1735 587 1775 manu
615 1718 724 1794 scripsi,
753 1718 877 1779 terrendi
905 1721 946 1777 tui
974 1739 1059 1779 causa

115 1815 252 1877 ,homines
266 1815 436 1891 loquuntur:
454 1815 483 1872 si
502 1814 615 1873 frenum
635 1815 834 1885 momorderis,
850 1821 977 1891 peream,
992 1819 1017 1875 si
1033 1828 1059 1875 te

120 1929 231 1982 omnes,
247 1922 318 1987 quot
340 1922 414 1982 sunt,
430 1921 586 1970 conantem
607 1912 686 1987 loqui
706 1912 778 1969 ferre
799 1923 944 1988 poterunt.
985 1913 1079 1990 Ego,

119 2010 170 2067 tibi
191 2019 222 2067 ut
243 2020 328 2068 antea
349 2010 458 2086 scripsi,
480 2010 551 2067 dum
573 2009 643 2067 mihi
668 2019 734 2066 ate
755 2009 865 2068 litterae
885 2011 1010 2083 veniant,
1031 2013 1060 2069 in

120 2108 202 2166 ltalia
217 2109 361 2166 mora-bor.
397 2127 462 2165 ·v1u.
477 2107 515 2164 K.
531 2107 629 2165 Iunias
644 2106 797 2182 Eporedia.

306 2269 371 2322 144.
413 2263 470 2321 AD
491 2262 743 2321 suniemirus
765 2262 802 2321 x.
825 2276 870 2337 35.

120 2377 208 2436 Dsrs
229 2395 281 2436 usr
302 2398 321 2436 A
342 2377 442 2436 Ponru
463 2377 625 2435 Auounruo
646 2395 687 2434 111.
703 2375 780 2439 Kar.
796 2376 863 2435 lus.
882 2395 969 2439 auc.
993 2396 1059 2453 711.

169 2502 205 2548 M·
221 2501 347 2546 ,Leuibus
367 2501 425 2542 ΙΜΡ.
447 2501 524 2542 ITER.
545 2500 687 2542 PONTIFEX
708 2501 776 2540 Max.
799 2500 821 2541 S.
842 2500 870 2541 D.
891 2501 1015 2547 SENATUI

376 2596 486 2639 POPULO
507 2598 648 2646 PLEBIQUE
669 2597 816 2639 ROMANAE.

162 2693 191 2752 S.
205 2712 233 2752 v.
248 2694 386 2770 liberique
403 2695 488 2752 vestri
502 2712 528 2755 v.
542 2695 570 2752 b.
586 2712 650 2752 ee.
665 2712 693 2769 q.
708 2713 734 2752 v.
776 2693 857 2752 Deos
868 2693 1062 2774 :hominesque

121 2802 218 2861 testor,
232 2801 329 2866 patres
343 2792 508 2869 conscripti,
522 2809 580 2868 qua
593 2800 691 2849 mente
710 2801 739 2848 et
752 2809 811 2867 quo
829 2793 928 2852 animo
948 2812 1063 2872 semper

120 2891 228 2947 iurem
242 2889 387 2964 publicam
402 2890 504 2949 fuerim
518 2899 547 2948 et
561 2906 648 2965 quam
659 2888 733 2946 nihil
750 2889 893 2964 antiquius
913 2896 1063 2952 communi

120 2987 212 3047 salute
227 3005 261 3045 ac
273 2987 403 3045 libertate
418 2988 566 3047 iudicarim
574 3006 583 3058 ;
605 2986 685 3062 quod
696 2988 777 3044 vobis
790 2987 867 3045 brevi
881 2991 1063 3062 probassem,

121 3087 177 3143 nisi
205 3085 276 3143 mihi
295 3084 410 3143 fortuna
426 3086 582 3161 proprium
607 3085 761 3144 consilium
786 3086 968 3146 extorsisset:
994 3106 1063 3147 nam

123 3185 265 3241 exercitus
282 3192 402 3241 cunctus
419 3181 659 3242 consuetudinem
674 3200 756 3240 suam
770 3183 800 3239 in
819 3183 926 3240 civibus
947 3201 1064 3244 conser-

122 3282 223 3338 vandis
252 3281 457 3356 communique
482 3299 562 3356 pace,
590 3281 730 3339 seditione
758 3280 841 3349 facta,
866 3281 981 3339 retinuit
1002 3300 1065 3342 me-

122 3396 179 3453 que
197 3389 293 3438 tantae
312 3378 501 3439 multitudinis
523 3379 626 3437 civium
649 3376 851 3435 Romanorum
866 3377 964 3438 salutis
978 3391 1065 3456 atque
