2356 3810
98 249 145 309 Ep.
163 233 216 317 in]
300 245 481 295 urrunnu
505 244 801 308 orbaremur.
827 249 854 294 2,
1001 246 1042 313 37

98 405 165 478 ipse
187 403 342 478 cognovit:
365 403 470 460 etenim
491 402 640 460 intervenit
661 419 723 459 non
743 401 888 458 nullorum
909 400 1042 476 querelis,

99 519 177 576 quae
196 500 276 576 apud
294 519 341 557 me
363 502 401 559 de
418 501 466 557 illo
485 501 550 575 ipso
571 500 760 569 habebantur,
774 510 803 557 et
822 498 928 556 sentire
949 498 1042 574 potuit

100 616 254 656 sermones
273 598 437 673 iniquorum
459 598 488 654 in
510 615 595 655 suum
615 597 798 672 potissimum
819 614 928 654 nornen
947 613 1042 653 erum-

101 715 179 772 pere.
225 716 251 770 3.
274 695 364 766 Quod
383 705 478 753 autern
497 714 545 752 me
563 696 688 753 maxime
705 712 822 753 movere
839 695 958 765 solebat,
974 712 1041 752 cum

101 794 258 852 audiebam
277 794 356 850 illurn
373 795 438 868 plus
457 793 534 870 apud
552 803 580 851 te
599 811 695 869 posse,
710 811 797 868 quarn
817 793 941 868 gravitas
960 791 1042 848 istius

103 893 215 962 aetatis,
229 893 341 966 imperii
359 893 512 967 prudentia
530 891 816 976 postularet-quam
837 890 944 947 multos
964 889 1043 946 enim

101 1009 220 1048 mecum
238 990 332 1064 egisse
350 1001 444 1065 putas,
459 1001 490 1047 ut
509 1008 541 1047 se
562 990 652 1048 Statio
672 988 930 1047 commendarem?
953 1005 1043 1062 quarn
1116 1038 1127 1051 ,,
1146 1046 1150 1051 ,

102 1089 196 1146 multa
210 1098 306 1144 autern
320 1088 416 1163 ipsum
434 1089 561 1160 ἀσφαλῶς
579 1105 695 1144 mecum
713 1087 743 1143 in
763 1103 898 1143 sermone
917 1086 956 1143 ita
974 1102 1042 1160 pro·

103 1186 204 1243 tulisse
229 1186 276 1243 ‘id
302 1186 373 1242 mihi
400 1203 462 1243 non
489 1185 611 1260 placuit;
640 1184 750 1254 monui,
774 1184 860 1253 suasi,
885 1181 1044 1240 deterruil'

103 1284 211 1359 quibus
225 1284 255 1339 in
268 1284 354 1340 rebus
368 1283 481 1341 etiarnsi
495 1282 616 1340 fidelitas
630 1300 745 1339 summa
760 1291 812 1351 est,
827 1281 907 1355 quod
924 1299 1044 1356 prorsus

104 1382 204 1451 cred0,
226 1381 363 1456 quoniam
388 1391 419 1438 tu
442 1381 483 1437 ita
506 1381 624 1450 iudicas,
646 1389 745 1436 tamen
769 1379 879 1453 species
900 1378 963 1453 ipsa
983 1388 1043 1435 tam

104 1479 225 1554 gratiosi
239 1478 332 1536 liberti
346 1487 394 1535 aut
412 1478 484 1535 servi
502 1477 671 1552 dignitatem
688 1476 794 1534 habere
812 1476 920 1533 nullam
939 1485 1043 1550 potest.

105 1579 205 1651 Atque
219 1576 276 1633 hoc
290 1576 332 1633 sie
345 1574 562 1633 habeto-nihil
576 1576 654 1632 enim
672 1593 726 1632 nec
745 1584 855 1632 temere
875 1574 970 1631 dicere
989 1591 1044 1630 nec

105 1685 200 1732 astute
232 1674 349 1731 reticere
383 1673 526 1743 debeo-,
553 1673 702 1730 materiam
729 1689 849 1730 ornnem
876 1688 1044 1728 sermonum

105 1789 217 1840 eorum,
229 1771 278 1844 qui
293 1769 329 1827 de
343 1780 371 1826 te
386 1768 533 1827 detrahere
547 1769 659 1838 vellent,
673 1767 795 1826 Statium
810 1768 939 1838 dedisse;
961 1777 1046 1824 antea

105 1880 220 1927 tanturn
240 1867 365 1941 intellegi
386 1868 523 1942 potuisse,
542 1867 628 1923 iratos
649 1876 715 1923 tuae
737 1865 877 1923 severitati
898 1883 962 1923 esse
983 1884 1045 1924 non

105 1967 210 2036 nullos
243 1965 301 2022 hoc
332 1964 511 2022 manumisso
544 1964 622 2021 iratis
654 1963 734 2046 quod
766 1963 951 2038 loquerentur
982 1980 1044 2020 non

105 2064 243 2122 defuisse.
738 2115 740 2120 .

148 2161 188 2218 II.
217 2180 244 2230 4.
270 2159 356 2217 Nunc
378 2157 562 2234 respondebo
586 2157 624 2215 ad
646 2176 695 2216 eas
718 2157 862 2232 epistolas,
878 2174 950 2232 quas
975 2156 1045 2212 mihi

103 2260 232 2318 reddidit
252 2259 285 2316 L.
308 2258 437 2328 Caesius,
459 2258 514 2326 cui,
537 2257 675 2331 quoniam
689 2256 728 2313 ita
752 2265 780 2313 te
804 2255 875 2312 velle
900 2253 1045 2330 intellego,

105 2358 185 2415 nullo
197 2357 263 2414 loco
275 2357 379 2428 deer03
395 2373 517 2430 quarum
531 2355 619 2412 altera
634 2363 676 2411 est
691 2354 727 2411 de
741 2353 892 2411 Blaudeno
908 2351 1045 2422 Zeuxide,

104 2473 195 2531 quern
218 2455 318 2511 scribis
340 2454 531 2510 certissimum
553 2451 732 2509 matricidam
755 2451 806 2507 tibi
830 2469 848 2508 a
871 2468 919 2507 me
946 2450 1045 2507 intime

105 2551 314 2610 commendari.
358 2549 426 2620 Qua
440 2550 476 2608 de
491 2569 522 2607 re
536 2559 565 2607 et
579 2549 615 2606 de
630 2548 686 2606 hoc
705 2567 811 2622 genere
830 2557 901 2615 toto,
916 2565 953 2604 ne
972 2546 1046 2603 forte

105 2668 154 2707 me
169 2651 199 2706 in
214 2647 343 2706 Graecos
357 2657 417 2704 tam
431 2648 616 2704 ambitiosum
630 2645 738 2702 factum
752 2663 816 2703 esse
830 2646 942 2715 mirere,
953 2662 1047 2719 pauca

105 2763 264 2820 cognosce.
306 2743 373 2819 Ego
388 2762 455 2800 cum
470 2743 650 2801 Graecorum
664 2742 795 2818 querelas
810 2743 931 2799 nimium
951 2742 1046 2799 valere

105 2842 243 2900 sentirem
262 2852 379 2916 propter
399 2840 551 2897 hominum
570 2839 686 2913 ingenia
702 2839 740 2896 ad
760 2839 917 2896 fallendum
937 2847 1045 2913 parata,
1075 2860 1077 2863 ’

104 2956 308 3016 quoscumque
326 2939 362 2996 de
381 2948 409 2995 te
424 2939 505 3012 queri
524 2937 619 2995 audivi
634 2955 816 3012 quacumque
835 2936 916 3011 potui
935 2937 1046 2993 ratione

104 3037 226 3113 placavi.
241 3035 369 3093 Primum
379 3034 616 3110 Dionysopolitas
629 3035 677 3108 qui
687 3043 767 3091 erant
777 3033 965 3091 inimicissimi
976 3033 1046 3090 leni·

104 3136 272 3210 vi‚quorum
281 3135 440 3209 principem
448 3133 645 3208 Hermippum
654 3151 714 3190 non
723 3133 818 3190 solum
827 3151 960 3190 sermone
970 3149 1045 3202 meu,

105 3231 260 3290 sedetiam
275 3230 462 3288 familiaritate
478 3230 610 3301 devinxi3
626 3249 683 3304 ego
696 3231 894 3304 Apamensem
909 3229 1046 3304 Hephae-

105 3339 261 3401 stum,ch
276 3327 453 3384 levissimum
467 3327 625 3396 hominem,
638 3325 830 3402 Megaristum
843 3327 1046 3392 Antandrium,

104 3442 164 3500 ego
184 3423 298 3482 Niciam
318 3423 517 3499 Smyrnaeum,
532 3441 588 3499 ego
608 3442 701 3503 nugas
720 3425 862 3482 maximas
881 3424 962 3483 omni
980 3441 1047 3482 mea
