<?xml version="1.0" encoding="UTF-8"?>
<!DOCTYPE html PUBLIC "-//W3C//DTD XHTML 1.0 Transitional//EN"
    "http://www.w3.org/TR/xhtml1/DTD/xhtml1-transitional.dtd">
<html xmlns="http://www.w3.org/1999/xhtml" xml:lang="en" lang="en">
 <head>
  <title>
</title>
<meta http-equiv="Content-Type" content="text/html;charset=utf-8" />
  <meta name='ocr-system' content='tesseract 3.04.00' />
  <meta name='ocr-capabilities' content='ocr_page ocr_carea ocr_par ocr_line ocrx_word'/>
</head>
<body>
  <div class='ocr_page' id='page_1' title='image "./epistolaeselect01cicegoog/epistolaeselect01cicegoog_0274.png"; bbox 0 0 2348 3788; ppageno 0'>
   <div class='ocr_carea' id='block_1_1' title="bbox 114 194 1056 280">
    <p class='ocr_par' dir='ltr' id='par_1_1' title="bbox 114 194 1056 280">
     <span class='ocr_line' id='line_1_1' title="bbox 114 194 1056 280; baseline -0.001 -19"><span class='ocrx_word' id='word_1_1' title='bbox 114 194 176 280; x_wconf 86' lang='lat'>258</span> <span class='ocrx_word' id='word_1_2' title='bbox 393 209 431 257; x_wconf 80' lang='lat' dir='ltr'>rr.</span> <span class='ocrx_word' id='word_1_3' title='bbox 457 207 575 256; x_wconf 77' lang='lat' dir='ltr'>rurrrr</span> <span class='ocrx_word' id='word_1_4' title='bbox 596 207 783 258; x_wconf 79' lang='lat' dir='ltr'>orounouru</span> <span class='ocrx_word' id='word_1_5' title='bbox 948 195 1016 278; x_wconf 71' lang='lat' dir='ltr'>[Pars</span> <span class='ocrx_word' id='word_1_6' title='bbox 1030 211 1056 260; x_wconf 84' lang='lat' dir='ltr'>u</span> 
     </span>
    </p>
   </div>
   <div class='ocr_carea' id='block_1_2' title="bbox 50 363 1056 1320">
    <p class='ocr_par' dir='ltr' id='par_1_2' title="bbox 50 363 1056 1320">
     <span class='ocr_line' id='line_1_2' title="bbox 114 363 1055 442; baseline -0.003 -17"><span class='ocrx_word' id='word_1_7' title='bbox 114 367 312 426; x_wconf 86' lang='lat' dir='ltr'>conciliandae</span> <span class='ocrx_word' id='word_1_8' title='bbox 331 375 359 424; x_wconf 89' lang='lat' dir='ltr'>te</span> <span class='ocrx_word' id='word_1_9' title='bbox 380 366 518 442; x_wconf 89' lang='lat' dir='ltr'>cupidum</span> <span class='ocrx_word' id='word_1_10' title='bbox 537 384 601 424; x_wconf 90' lang='lat' dir='ltr'>esse</span> <span class='ocrx_word' id='word_1_11' title='bbox 619 363 728 423; x_wconf 87' lang='lat' dir='ltr'>laetor:</span> <span class='ocrx_word' id='word_1_12' title='bbox 750 382 816 423; x_wconf 90' lang='lat' dir='ltr'>eam</span> <span class='ocrx_word' id='word_1_13' title='bbox 837 363 862 423; x_wconf 91' lang='lat' dir='ltr'>si</span> <span class='ocrx_word' id='word_1_14' title='bbox 884 382 903 422; x_wconf 90' lang='lat' dir='ltr'>a</span> <span class='ocrx_word' id='word_1_15' title='bbox 924 366 1055 424; x_wconf 88' lang='lat' dir='ltr'>servitute</span> 
     </span>
     <span class='ocr_line' id='line_1_3' title="bbox 115 463 1054 540; baseline -0.004 -17"><span class='ocrx_word' id='word_1_16' title='bbox 115 466 249 540; x_wconf 88' lang='lat' dir='ltr'>seiungis,</span> <span class='ocrx_word' id='word_1_17' title='bbox 270 464 404 522; x_wconf 88' lang='lat' dir='ltr'>consules</span> <span class='ocrx_word' id='word_1_18' title='bbox 425 475 454 522; x_wconf 88' lang='lat' dir='ltr'>et</span> <span class='ocrx_word' id='word_1_19' title='bbox 477 464 518 520; x_wconf 90' lang='lat' dir='ltr'>rei</span> <span class='ocrx_word' id='word_1_20' title='bbox 539 464 672 540; x_wconf 88' lang='lat' dir='ltr'>publicae</span> <span class='ocrx_word' id='word_1_21' title='bbox 692 473 721 520; x_wconf 89' lang='lat' dir='ltr'>et</span> <span class='ocrx_word' id='word_1_22' title='bbox 745 463 878 537; x_wconf 83' lang='lat' dir='ltr'><strong>dignitati</strong></span> <span class='ocrx_word' id='word_1_23' title='bbox 898 472 968 520; x_wconf 88' lang='lat' dir='ltr'>tuae</span> <span class='ocrx_word' id='word_1_24' title='bbox 979 483 987 534; x_wconf 92' lang='lat'>;</span> <span class='ocrx_word' id='word_1_25' title='bbox 1016 464 1054 520; x_wconf 89' lang='lat' dir='ltr'>sin</span> 
     </span>
     <span class='ocr_line' id='line_1_4' title="bbox 115 561 1056 639; baseline -0.002 -19"><span class='ocrx_word' id='word_1_26' title='bbox 115 565 169 621; x_wconf 87' lang='lat' dir='ltr'>ista</span> <span class='ocrx_word' id='word_1_27' title='bbox 183 580 241 639; x_wconf 84' lang='lat' dir='ltr'>pax</span> <span class='ocrx_word' id='word_1_28' title='bbox 258 561 401 636; x_wconf 91' lang='lat' dir='ltr'>perditum</span> <span class='ocrx_word' id='word_1_29' title='bbox 420 561 571 619; x_wconf 91' lang='lat' dir='ltr'>hominem</span> <span class='ocrx_word' id='word_1_30' title='bbox 589 561 619 618; x_wconf 93' lang='lat' dir='ltr'>in</span> <span class='ocrx_word' id='word_1_31' title='bbox 638 561 857 637; x_wconf 89' lang='lat' dir='ltr'>possessionem</span> <span class='ocrx_word' id='word_1_32' title='bbox 876 561 1056 636; x_wconf 88' lang='lat' dir='ltr'>impotentis-</span> 
     </span>
     <span class='ocr_line' id='line_1_5' title="bbox 115 657 1055 728; baseline -0.003 -10"><span class='ocrx_word' id='word_1_33' title='bbox 115 662 180 718; x_wconf 85' lang='lat' dir='ltr'>simi</span> <span class='ocrx_word' id='word_1_34' title='bbox 202 660 367 718; x_wconf 85' lang='lat' dir='ltr'>dominatus</span> <span class='ocrx_word' id='word_1_35' title='bbox 396 659 557 718; x_wconf 84' lang='lat' dir='ltr'>restitutura</span> <span class='ocrx_word' id='word_1_36' title='bbox 585 669 637 728; x_wconf 87' lang='lat' dir='ltr'>est,</span> <span class='ocrx_word' id='word_1_37' title='bbox 658 657 714 716; x_wconf 87' lang='lat' dir='ltr'>hoc</span> <span class='ocrx_word' id='word_1_38' title='bbox 739 659 837 717; x_wconf 92' lang='lat' dir='ltr'>animo</span> <span class='ocrx_word' id='word_1_39' title='bbox 859 659 933 716; x_wconf 90' lang='lat' dir='ltr'>scito</span> <span class='ocrx_word' id='word_1_40' title='bbox 958 677 1055 716; x_wconf 90' lang='lat' dir='ltr'>omnes</span> 
     </span>
     <span class='ocr_line' id='line_1_6' title="bbox 50 751 1056 828; baseline -0.006 -15"><span class='ocrx_word' id='word_1_41' title='bbox 50 756 52 760; x_wconf 50' lang='lat'><strong><em>⁴</em></strong></span> <span class='ocrx_word' id='word_1_42' title='bbox 115 772 212 823; x_wconf 88' lang='lat' dir='ltr'>sanos,</span> <span class='ocrx_word' id='word_1_43' title='bbox 231 763 263 810; x_wconf 90' lang='lat' dir='ltr'>ut</span> <span class='ocrx_word' id='word_1_44' title='bbox 283 763 409 810; x_wconf 89' lang='lat' dir='ltr'>mortem</span> <span class='ocrx_word' id='word_1_45' title='bbox 430 753 556 810; x_wconf 89' lang='lat' dir='ltr'>servituti</span> <span class='ocrx_word' id='word_1_46' title='bbox 577 761 765 828; x_wconf 83' lang='lat' dir='ltr'>anteponant</span> <span class='ocrx_word' id='word_1_47' title='bbox 810 771 835 810; x_wconf 82' lang='lat'>2.</span> <span class='ocrx_word' id='word_1_48' title='bbox 858 751 964 827; x_wconf 90' lang='lat' dir='ltr'>Itaque</span> <span class='ocrx_word' id='word_1_49' title='bbox 987 753 1056 827; x_wconf 92' lang='lat' dir='ltr'>sapi·</span> 
     </span>
     <span class='ocr_line' id='line_1_7' title="bbox 114 851 1055 928; baseline -0.005 -16"><span class='ocrx_word' id='word_1_50' title='bbox 114 855 217 923; x_wconf 78' lang='lat' dir='ltr'>entiuS,</span> <span class='ocrx_word' id='word_1_51' title='bbox 232 870 299 910; x_wconf 93' lang='lat' dir='ltr'>meo</span> <span class='ocrx_word' id='word_1_52' title='bbox 322 852 440 928; x_wconf 92' lang='lat' dir='ltr'>quidem</span> <span class='ocrx_word' id='word_1_53' title='bbox 461 852 575 922; x_wconf 90' lang='lat' dir='ltr'>iudici0,</span> <span class='ocrx_word' id='word_1_54' title='bbox 590 851 687 922; x_wconf 85' lang='lat' dir='ltr'>facies,</span> <span class='ocrx_word' id='word_1_55' title='bbox 710 851 734 909; x_wconf 91' lang='lat' dir='ltr'>si</span> <span class='ocrx_word' id='word_1_56' title='bbox 754 861 783 910; x_wconf 86' lang='lat' dir='ltr'>te</span> <span class='ocrx_word' id='word_1_57' title='bbox 803 851 834 909; x_wconf 90' lang='lat' dir='ltr'>in</span> <span class='ocrx_word' id='word_1_58' title='bbox 854 851 942 909; x_wconf 91' lang='lat' dir='ltr'>istam</span> <span class='ocrx_word' id='word_1_59' title='bbox 964 852 1055 928; x_wconf 87' lang='lat' dir='ltr'>pacifi-</span> 
     </span>
     <span class='ocr_line' id='line_1_8' title="bbox 114 950 1054 1025; baseline -0.005 -15"><span class='ocrx_word' id='word_1_60' title='bbox 114 952 259 1010; x_wconf 89' lang='lat' dir='ltr'>cationem</span> <span class='ocrx_word' id='word_1_61' title='bbox 288 967 349 1007; x_wconf 93' lang='lat' dir='ltr'>non</span> <span class='ocrx_word' id='word_1_62' title='bbox 382 950 559 1024; x_wconf 89' lang='lat' dir='ltr'>interpones,</span> <span class='ocrx_word' id='word_1_63' title='bbox 588 967 663 1025; x_wconf 88' lang='lat' dir='ltr'>quae</span> <span class='ocrx_word' id='word_1_64' title='bbox 696 967 791 1024; x_wconf 89' lang='lat' dir='ltr'>neque</span> <span class='ocrx_word' id='word_1_65' title='bbox 820 951 933 1006; x_wconf 90' lang='lat' dir='ltr'>senatui</span> <span class='ocrx_word' id='word_1_66' title='bbox 967 967 1054 1024; x_wconf 88' lang='lat' dir='ltr'>neque</span> 
     </span>
     <span class='ocr_line' id='line_1_9' title="bbox 115 1046 1055 1126; baseline -0.003 -20"><span class='ocrx_word' id='word_1_67' title='bbox 115 1048 226 1126; x_wconf 89' lang='lat' dir='ltr'>populo</span> <span class='ocrx_word' id='word_1_68' title='bbox 247 1065 301 1104; x_wconf 91' lang='lat' dir='ltr'>nec</span> <span class='ocrx_word' id='word_1_69' title='bbox 324 1047 459 1122; x_wconf 84' lang='lat' dir='ltr'>cuiquam</span> <span class='ocrx_word' id='word_1_70' title='bbox 487 1048 568 1104; x_wconf 94' lang='lat' dir='ltr'>bono</span> <span class='ocrx_word' id='word_1_71' title='bbox 595 1048 741 1122; x_wconf 89' lang='lat' dir='ltr'>probatur.</span> <span class='ocrx_word' id='word_1_72' title='bbox 786 1046 845 1104; x_wconf 91' lang='lat' dir='ltr'>Sed</span> <span class='ocrx_word' id='word_1_73' title='bbox 866 1047 942 1106; x_wconf 89' lang='lat' dir='ltr'>haec</span> <span class='ocrx_word' id='word_1_74' title='bbox 963 1048 1055 1105; x_wconf 91' lang='lat' dir='ltr'>audies</span> 
     </span>
     <span class='ocr_line' id='line_1_10' title="bbox 115 1144 1055 1222; baseline -0.003 -18"><span class='ocrx_word' id='word_1_75' title='bbox 115 1165 152 1204; x_wconf 89' lang='lat' dir='ltr'>ex</span> <span class='ocrx_word' id='word_1_76' title='bbox 167 1146 229 1202; x_wconf 90' lang='lat' dir='ltr'>aliis</span> <span class='ocrx_word' id='word_1_77' title='bbox 244 1156 292 1202; x_wconf 89' lang='lat' dir='ltr'>aut</span> <span class='ocrx_word' id='word_1_78' title='bbox 307 1146 409 1202; x_wconf 87' lang='lat' dir='ltr'>certior</span> <span class='ocrx_word' id='word_1_79' title='bbox 424 1144 476 1203; x_wconf 90' lang='lat' dir='ltr'>fies</span> <span class='ocrx_word' id='word_1_80' title='bbox 491 1144 607 1203; x_wconf 89' lang='lat' dir='ltr'>litteris:</span> <span class='ocrx_word' id='word_1_81' title='bbox 629 1154 714 1221; x_wconf 89' lang='lat' dir='ltr'>tupro</span> <span class='ocrx_word' id='word_1_82' title='bbox 746 1153 797 1202; x_wconf 90' lang='lat' dir='ltr'>tua</span> <span class='ocrx_word' id='word_1_83' title='bbox 810 1145 978 1220; x_wconf 89' lang='lat' dir='ltr'>prudentia,</span> <span class='ocrx_word' id='word_1_84' title='bbox 993 1145 1055 1222; x_wconf 93' lang='lat' dir='ltr'>quid</span> 
     </span>
     <span class='ocr_line' id='line_1_11' title="bbox 114 1242 540 1320; baseline 0 -18"><span class='ocrx_word' id='word_1_85' title='bbox 114 1244 258 1320; x_wconf 91' lang='lat' dir='ltr'>optimum</span> <span class='ocrx_word' id='word_1_86' title='bbox 272 1242 349 1301; x_wconf 84' lang='lat' dir='ltr'>factu</span> <span class='ocrx_word' id='word_1_87' title='bbox 363 1243 407 1313; x_wconf 90' lang='lat' dir='ltr'>sit,</span> <span class='ocrx_word' id='word_1_88' title='bbox 422 1242 540 1302; x_wconf 78' lang='lat' dir='ltr'>videbis</span> 
     </span>
    </p>
   </div>
   <div class='ocr_carea' id='block_1_3' title="bbox 316 1397 863 1457">
    <p class='ocr_par' dir='ltr' id='par_1_3' title="bbox 316 1397 863 1457">
     <span class='ocr_line' id='line_1_12' title="bbox 316 1397 863 1457; baseline 0.002 -1"><span class='ocrx_word' id='word_1_89' title='bbox 316 1403 380 1456; x_wconf 85' lang='lat'>132.</span> <span class='ocrx_word' id='word_1_90' title='bbox 423 1399 480 1456; x_wconf 90' lang='lat' dir='ltr'>AD</span> <span class='ocrx_word' id='word_1_91' title='bbox 502 1397 753 1456; x_wconf 88' lang='lat' dir='ltr'><strong>FAMILIARES</strong></span> <span class='ocrx_word' id='word_1_92' title='bbox 775 1397 812 1456; x_wconf 87' lang='lat' dir='ltr'>X.</span> <span class='ocrx_word' id='word_1_93' title='bbox 834 1399 863 1457; x_wconf 91' lang='lat'>8.</span> 
     </span>
    </p>
   </div>
   <div class='ocr_carea' id='block_1_4' title="bbox 229 1511 947 1587">
    <p class='ocr_par' dir='ltr' id='par_1_4' title="bbox 229 1511 947 1587">
     <span class='ocr_line' id='line_1_13' title="bbox 229 1511 947 1587; baseline 0.004 -17"><span class='ocrx_word' id='word_1_94' title='bbox 229 1511 296 1572; x_wconf 80' lang='lat' dir='ltr'>Son.</span> <span class='ocrx_word' id='word_1_95' title='bbox 319 1531 349 1570; x_wconf 79' lang='lat' dir='ltr'>nr</span> <span class='ocrx_word' id='word_1_96' title='bbox 372 1512 490 1572; x_wconf 71' lang='lat' dir='ltr'>Garum</span> <span class='ocrx_word' id='word_1_97' title='bbox 510 1531 604 1572; x_wconf 69' lang='lat' dir='ltr'>urrisu</span> <span class='ocrx_word' id='word_1_98' title='bbox 626 1512 749 1572; x_wconf 74' lang='lat' dir='ltr'>Mnnrro</span> <span class='ocrx_word' id='word_1_99' title='bbox 770 1531 854 1571; x_wconf 70' lang='lat' dir='ltr'>auc.</span> <span class='ocrx_word' id='word_1_100' title='bbox 878 1526 947 1587; x_wconf 80' lang='lat'>711.</span> 
     </span>
    </p>
   </div>
   <div class='ocr_carea' id='block_1_5' title="bbox 115 1637 1055 1783">
    <p class='ocr_par' dir='ltr' id='par_1_5' title="bbox 115 1637 1055 1783">
     <span class='ocr_line' id='line_1_14' title="bbox 115 1637 1055 1679; baseline 0 0"><span class='ocrx_word' id='word_1_101' title='bbox 115 1638 242 1679; x_wconf 81' lang='lat' dir='ltr'><strong>PLANCUS</strong></span> <span class='ocrx_word' id='word_1_102' title='bbox 272 1638 331 1677; x_wconf 72' lang='lat' dir='ltr'>lue.</span> <span class='ocrx_word' id='word_1_103' title='bbox 354 1637 412 1678; x_wconf 82' lang='lat' dir='ltr'><strong>COS.</strong></span> <span class='ocrx_word' id='word_1_104' title='bbox 434 1637 526 1677; x_wconf 84' lang='lat' dir='ltr'>DESIG·</span> <span class='ocrx_word' id='word_1_105' title='bbox 549 1637 571 1678; x_wconf 83' lang='lat' dir='ltr'>S.</span> <span class='ocrx_word' id='word_1_106' title='bbox 593 1637 621 1678; x_wconf 89' lang='lat' dir='ltr'>D.</span> <span class='ocrx_word' id='word_1_107' title='bbox 643 1637 715 1678; x_wconf 85' lang='lat' dir='ltr'>COSS.</span> <span class='ocrx_word' id='word_1_108' title='bbox 736 1638 780 1677; x_wconf 82' lang='lat' dir='ltr'>PR.</span> <span class='ocrx_word' id='word_1_109' title='bbox 803 1637 851 1676; x_wconf 83' lang='lat' dir='ltr'>TR.</span> <span class='ocrx_word' id='word_1_110' title='bbox 873 1638 917 1678; x_wconf 86' lang='lat' dir='ltr'>PL.</span> <span class='ocrx_word' id='word_1_111' title='bbox 939 1637 1055 1679; x_wconf 80' lang='lat' dir='ltr'>SENATUI</span> 
     </span>
     <span class='ocr_line' id='line_1_15' title="bbox 368 1735 809 1783; baseline 0 -9"><span class='ocrx_word' id='word_1_112' title='bbox 368 1735 478 1776; x_wconf 84' lang='lat' dir='ltr'>POPULO</span> <span class='ocrx_word' id='word_1_113' title='bbox 499 1735 641 1783; x_wconf 81' lang='lat' dir='ltr'><strong>PLEBIQUE</strong></span> <span class='ocrx_word' id='word_1_114' title='bbox 661 1735 809 1777; x_wconf 80' lang='lat' dir='ltr'><strong>ROMANAE.</strong></span> 
     </span>
    </p>
   </div>
   <div class='ocr_carea' id='block_1_6' title="bbox 49 1830 1064 3466">
    <p class='ocr_par' dir='ltr' id='par_1_6' title="bbox 49 1830 1064 3372">
     <span class='ocr_line' id='line_1_16' title="bbox 162 1830 1056 1908; baseline 0 -17"><span class='ocrx_word' id='word_1_115' title='bbox 162 1850 187 1891; x_wconf 92' lang='lat'>1.</span> <span class='ocrx_word' id='word_1_116' title='bbox 210 1830 242 1890; x_wconf 89' lang='lat' dir='ltr'>Sr</span> <span class='ocrx_word' id='word_1_117' title='bbox 260 1831 306 1889; x_wconf 91' lang='lat' dir='ltr'>cui</span> <span class='ocrx_word' id='word_1_118' title='bbox 326 1830 399 1889; x_wconf 87' lang='lat' dir='ltr'>forte</span> <span class='ocrx_word' id='word_1_119' title='bbox 419 1831 518 1889; x_wconf 88' lang='lat' dir='ltr'>videor</span> <span class='ocrx_word' id='word_1_120' title='bbox 532 1831 638 1890; x_wconf 91' lang='lat' dir='ltr'>diutius</span> <span class='ocrx_word' id='word_1_121' title='bbox 656 1841 684 1889; x_wconf 83' lang='lat' dir='ltr'>et</span> <span class='ocrx_word' id='word_1_122' title='bbox 705 1831 857 1889; x_wconf 92' lang='lat' dir='ltr'>hominum</span> <span class='ocrx_word' id='word_1_123' title='bbox 871 1833 1056 1908; x_wconf 83' lang='lat' dir='ltr'>exspectatio</span> 
     </span>
     <span class='ocr_line' id='line_1_17' title="bbox 117 1929 1056 2006; baseline 0 -17"><span class='ocrx_word' id='word_1_124' title='bbox 117 1949 186 1989; x_wconf 91' lang='lat' dir='ltr'>nem</span> <span class='ocrx_word' id='word_1_125' title='bbox 201 1941 230 1989; x_wconf 92' lang='lat' dir='ltr'>et</span> <span class='ocrx_word' id='word_1_126' title='bbox 245 1948 328 2005; x_wconf 91' lang='lat' dir='ltr'>spem</span> <span class='ocrx_word' id='word_1_127' title='bbox 342 1931 383 1988; x_wconf 91' lang='lat' dir='ltr'>rei</span> <span class='ocrx_word' id='word_1_128' title='bbox 402 1929 534 2006; x_wconf 88' lang='lat' dir='ltr'>publicae</span> <span class='ocrx_word' id='word_1_129' title='bbox 554 1929 591 1987; x_wconf 91' lang='lat' dir='ltr'>de</span> <span class='ocrx_word' id='word_1_130' title='bbox 608 1947 674 1986; x_wconf 90' lang='lat' dir='ltr'>mea</span> <span class='ocrx_word' id='word_1_131' title='bbox 692 1930 836 1987; x_wconf 90' lang='lat' dir='ltr'>voluntate</span> <span class='ocrx_word' id='word_1_132' title='bbox 857 1933 986 1989; x_wconf 91' lang='lat' dir='ltr'>tenuisse</span> <span class='ocrx_word' id='word_1_133' title='bbox 1001 1949 1056 1989; x_wconf 88' lang='lat' dir='ltr'>sus·</span> 
     </span>
     <span class='ocr_line' id='line_1_18' title="bbox 117 2027 1056 2104; baseline -0.002 -18"><span class='ocrx_word' id='word_1_134' title='bbox 117 2046 248 2104; x_wconf 86' lang='lat' dir='ltr'>pensam,</span> <span class='ocrx_word' id='word_1_135' title='bbox 262 2028 329 2086; x_wconf 91' lang='lat' dir='ltr'>huic</span> <span class='ocrx_word' id='word_1_136' title='bbox 351 2028 430 2103; x_wconf 92' lang='lat' dir='ltr'>prius</span> <span class='ocrx_word' id='word_1_137' title='bbox 452 2027 652 2085; x_wconf 86' lang='lat' dir='ltr'>excusandum</span> <span class='ocrx_word' id='word_1_138' title='bbox 674 2045 721 2084; x_wconf 93' lang='lat' dir='ltr'>me</span> <span class='ocrx_word' id='word_1_139' title='bbox 743 2045 808 2084; x_wconf 89' lang='lat' dir='ltr'>esse</span> <span class='ocrx_word' id='word_1_140' title='bbox 829 2028 952 2085; x_wconf 86' lang='lat' dir='ltr'>arbitror</span> <span class='ocrx_word' id='word_1_141' title='bbox 973 2045 1056 2104; x_wconf 86' lang='lat' dir='ltr'>quam</span> 
     </span>
     <span class='ocr_line' id='line_1_19' title="bbox 118 2108 1058 2201; baseline -0.004 -16"><span class='ocrx_word' id='word_1_142' title='bbox 118 2128 155 2186; x_wconf 93' lang='lat' dir='ltr'>de</span> <span class='ocrx_word' id='word_1_143' title='bbox 180 2125 342 2200; x_wconf 89' lang='lat' dir='ltr'>insequenti</span> <span class='ocrx_word' id='word_1_144' title='bbox 366 2125 462 2182; x_wconf 91' lang='lat' dir='ltr'>officio</span> <span class='ocrx_word' id='word_1_145' title='bbox 490 2125 645 2201; x_wconf 89' lang='lat' dir='ltr'>quicquam</span> <span class='ocrx_word' id='word_1_146' title='bbox 673 2124 721 2180; x_wconf 90' lang='lat' dir='ltr'>ulli</span> <span class='ocrx_word' id='word_1_147' title='bbox 749 2124 966 2200; x_wconf 80' lang='lat' dir='ltr'>pollicendum;</span> <span class='ocrx_word' id='word_1_148' title='bbox 1001 2108 1058 2183; x_wconf 89' lang='lat' dir='ltr'>non</span> 
     </span>
     <span class='ocr_line' id='line_1_20' title="bbox 118 2221 1058 2299; baseline -0.002 -18"><span class='ocrx_word' id='word_1_149' title='bbox 118 2225 196 2281; x_wconf 92' lang='lat' dir='ltr'>enim</span> <span class='ocrx_word' id='word_1_150' title='bbox 210 2225 391 2299; x_wconf 88' lang='lat' dir='ltr'>praeteritam</span> <span class='ocrx_word' id='word_1_151' title='bbox 409 2222 525 2299; x_wconf 90' lang='lat' dir='ltr'>culpam</span> <span class='ocrx_word' id='word_1_152' title='bbox 547 2222 636 2280; x_wconf 90' lang='lat' dir='ltr'>videri</span> <span class='ocrx_word' id='word_1_153' title='bbox 650 2221 717 2278; x_wconf 94' lang='lat' dir='ltr'>volo</span> <span class='ocrx_word' id='word_1_154' title='bbox 737 2221 902 2291; x_wconf 89' lang='lat' dir='ltr'>redemisse,</span> <span class='ocrx_word' id='word_1_155' title='bbox 918 2224 972 2281; x_wconf 91' lang='lat' dir='ltr'>sed</span> <span class='ocrx_word' id='word_1_156' title='bbox 987 2224 1058 2299; x_wconf 88' lang='lat' dir='ltr'>opti·</span> 
     </span>
     <span class='ocr_line' id='line_1_21' title="bbox 117 2315 1058 2396; baseline -0.002 -18"><span class='ocrx_word' id='word_1_157' title='bbox 117 2339 183 2378; x_wconf 90' lang='lat' dir='ltr'>mae</span> <span class='ocrx_word' id='word_1_158' title='bbox 204 2320 309 2378; x_wconf 90' lang='lat' dir='ltr'>mentis</span> <span class='ocrx_word' id='word_1_159' title='bbox 330 2320 456 2396; x_wconf 85' lang='lat' dir='ltr'>cogitata</span> <span class='ocrx_word' id='word_1_160' title='bbox 475 2320 531 2377; x_wconf 89' lang='lat' dir='ltr'>iam</span> <span class='ocrx_word' id='word_1_161' title='bbox 553 2317 665 2394; x_wconf 88' lang='lat' dir='ltr'>pridem</span> <span class='ocrx_word' id='word_1_162' title='bbox 686 2315 800 2376; x_wconf 93' lang='lat' dir='ltr'>maturo</span> <span class='ocrx_word' id='word_1_163' title='bbox 819 2328 950 2393; x_wconf 91' lang='lat' dir='ltr'>tempore</span> <span class='ocrx_word' id='word_1_164' title='bbox 971 2338 1058 2377; x_wconf 92' lang='lat' dir='ltr'>enun-</span> 
     </span>
     <span class='ocr_line' id='line_1_22' title="bbox 117 2400 1058 2492; baseline -0.004 -16"><span class='ocrx_word' id='word_1_165' title='bbox 117 2419 198 2476; x_wconf 90' lang='lat' dir='ltr'>tiare.</span> <span class='ocrx_word' id='word_1_166' title='bbox 242 2436 268 2475; x_wconf 83' lang='lat' dir='ltr'>a.</span> <span class='ocrx_word' id='word_1_167' title='bbox 291 2400 361 2474; x_wconf 90' lang='lat' dir='ltr'>Non</span> <span class='ocrx_word' id='word_1_168' title='bbox 375 2436 423 2475; x_wconf 91' lang='lat' dir='ltr'>me</span> <span class='ocrx_word' id='word_1_169' title='bbox 438 2417 610 2492; x_wconf 85' lang='lat' dir='ltr'>praeteribat</span> <span class='ocrx_word' id='word_1_170' title='bbox 625 2417 655 2473; x_wconf 94' lang='lat' dir='ltr'>in</span> <span class='ocrx_word' id='word_1_171' title='bbox 668 2426 748 2473; x_wconf 86' lang='lat' dir='ltr'>tanta</span> <span class='ocrx_word' id='word_1_172' title='bbox 763 2415 953 2474; x_wconf 91' lang='lat' dir='ltr'>sollicitudine</span> <span class='ocrx_word' id='word_1_173' title='bbox 967 2417 1058 2474; x_wconf 89' lang='lat' dir='ltr'>homi-</span> 
     </span>
     <span class='ocr_line' id='line_1_23' title="bbox 118 2512 1058 2590; baseline -0.003 -17"><span class='ocrx_word' id='word_1_174' title='bbox 118 2533 189 2573; x_wconf 91' lang='lat' dir='ltr'>num</span> <span class='ocrx_word' id='word_1_175' title='bbox 200 2525 229 2572; x_wconf 90' lang='lat' dir='ltr'>et</span> <span class='ocrx_word' id='word_1_176' title='bbox 242 2523 302 2572; x_wconf 89' lang='lat' dir='ltr'>tam</span> <span class='ocrx_word' id='word_1_177' title='bbox 316 2515 481 2590; x_wconf 89' lang='lat' dir='ltr'>perturbato</span> <span class='ocrx_word' id='word_1_178' title='bbox 493 2523 568 2571; x_wconf 84' lang='lat' dir='ltr'>statu</span> <span class='ocrx_word' id='word_1_179' title='bbox 583 2513 703 2570; x_wconf 88' lang='lat' dir='ltr'>civitatis</span> <span class='ocrx_word' id='word_1_180' title='bbox 717 2512 975 2571; x_wconf 88' lang='lat' dir='ltr'>fructuosissimam</span> <span class='ocrx_word' id='word_1_181' title='bbox 998 2533 1058 2573; x_wconf 86' lang='lat' dir='ltr'>esse</span> 
     </span>
     <span class='ocr_line' id='line_1_24' title="bbox 119 2609 1060 2690; baseline -0.002 -20"><span class='ocrx_word' id='word_1_182' title='bbox 119 2612 331 2690; x_wconf 87' lang='lat' dir='ltr'>professionem</span> <span class='ocrx_word' id='word_1_183' title='bbox 351 2613 447 2670; x_wconf 89' lang='lat' dir='ltr'>bonae</span> <span class='ocrx_word' id='word_1_184' title='bbox 462 2611 624 2680; x_wconf 89' lang='lat' dir='ltr'>voluntatis,</span> <span class='ocrx_word' id='word_1_185' title='bbox 640 2627 820 2685; x_wconf 83' lang='lat' dir='ltr'>magnosque</span> <span class='ocrx_word' id='word_1_186' title='bbox 835 2609 962 2670; x_wconf 91' lang='lat' dir='ltr'>honores</span> <span class='ocrx_word' id='word_1_187' title='bbox 976 2632 1014 2670; x_wconf 90' lang='lat' dir='ltr'>ex</span> <span class='ocrx_word' id='word_1_188' title='bbox 1028 2631 1060 2670; x_wconf 88' lang='lat' dir='ltr'>ea</span> 
     </span>
     <span class='ocr_line' id='line_1_25' title="bbox 118 2707 1059 2785; baseline -0.001 -16"><span class='ocrx_word' id='word_1_189' title='bbox 118 2729 150 2769; x_wconf 88' lang='lat' dir='ltr'>re</span> <span class='ocrx_word' id='word_1_190' title='bbox 172 2711 336 2785; x_wconf 90' lang='lat' dir='ltr'>complures</span> <span class='ocrx_word' id='word_1_191' title='bbox 363 2718 538 2768; x_wconf 89' lang='lat' dir='ltr'>consecutos</span> <span class='ocrx_word' id='word_1_192' title='bbox 566 2708 723 2780; x_wconf 85' lang='lat' dir='ltr'>videbam;</span> <span class='ocrx_word' id='word_1_193' title='bbox 753 2707 813 2778; x_wconf 89' lang='lat' dir='ltr'>sed,</span> <span class='ocrx_word' id='word_1_194' title='bbox 839 2727 906 2766; x_wconf 90' lang='lat' dir='ltr'>cum</span> <span class='ocrx_word' id='word_1_195' title='bbox 935 2711 965 2766; x_wconf 93' lang='lat' dir='ltr'>in</span> <span class='ocrx_word' id='word_1_196' title='bbox 995 2729 1059 2768; x_wconf 89' lang='lat' dir='ltr'>eum</span> 
     </span>
     <span class='ocr_line' id='line_1_26' title="bbox 120 2806 1060 2883; baseline -0.002 -15"><span class='ocrx_word' id='word_1_197' title='bbox 120 2826 221 2868; x_wconf 89' lang='lat' dir='ltr'>casum</span> <span class='ocrx_word' id='word_1_198' title='bbox 238 2826 285 2865; x_wconf 93' lang='lat' dir='ltr'>me</span> <span class='ocrx_word' id='word_1_199' title='bbox 304 2807 420 2867; x_wconf 88' lang='lat' dir='ltr'>fortuna</span> <span class='ocrx_word' id='word_1_200' title='bbox 441 2807 611 2876; x_wconf 89' lang='lat' dir='ltr'>demisisset,</span> <span class='ocrx_word' id='word_1_201' title='bbox 626 2817 658 2864; x_wconf 90' lang='lat' dir='ltr'>ut</span> <span class='ocrx_word' id='word_1_202' title='bbox 678 2816 727 2863; x_wconf 91' lang='lat' dir='ltr'>aut</span> <span class='ocrx_word' id='word_1_203' title='bbox 748 2806 875 2864; x_wconf 90' lang='lat' dir='ltr'>celeriter</span> <span class='ocrx_word' id='word_1_204' title='bbox 895 2808 1060 2883; x_wconf 86' lang='lat' dir='ltr'>pollicendo</span> 
     </span>
     <span class='ocr_line' id='line_1_27' title="bbox 49 2903 1061 2982; baseline -0.001 -17"><span class='ocrx_word' id='word_1_205' title='bbox 49 2908 54 2916; x_wconf 88' lang='lat'>&#39;</span> <span class='ocrx_word' id='word_1_206' title='bbox 120 2924 228 2982; x_wconf 87' lang='lat' dir='ltr'>magna</span> <span class='ocrx_word' id='word_1_207' title='bbox 240 2903 311 2961; x_wconf 94' lang='lat' dir='ltr'>mihi</span> <span class='ocrx_word' id='word_1_208' title='bbox 328 2907 390 2980; x_wconf 92' lang='lat' dir='ltr'>ipse</span> <span class='ocrx_word' id='word_1_209' title='bbox 413 2905 449 2962; x_wconf 91' lang='lat' dir='ltr'>ad</span> <span class='ocrx_word' id='word_1_210' title='bbox 470 2905 680 2979; x_wconf 86' lang='lat' dir='ltr'>proficiendnm</span> <span class='ocrx_word' id='word_1_211' title='bbox 701 2904 908 2980; x_wconf 88' lang='lat' dir='ltr'>impedimenta</span> <span class='ocrx_word' id='word_1_212' title='bbox 929 2923 1061 2980; x_wconf 90' lang='lat' dir='ltr'>oppone·</span> 
     </span>
     <span class='ocr_line' id='line_1_28' title="bbox 121 3002 1062 3077; baseline -0.002 -14"><span class='ocrx_word' id='word_1_213' title='bbox 121 3023 182 3063; x_wconf 89' lang='lat' dir='ltr'>rem</span> <span class='ocrx_word' id='word_1_214' title='bbox 197 3013 253 3074; x_wconf 89' lang='lat' dir='ltr'>aut,</span> <span class='ocrx_word' id='word_1_215' title='bbox 269 3003 292 3059; x_wconf 91' lang='lat' dir='ltr'>si</span> <span class='ocrx_word' id='word_1_216' title='bbox 313 3003 343 3059; x_wconf 91' lang='lat' dir='ltr'>in</span> <span class='ocrx_word' id='word_1_217' title='bbox 358 3021 394 3060; x_wconf 91' lang='lat' dir='ltr'>eo</span> <span class='ocrx_word' id='word_1_218' title='bbox 409 3002 479 3060; x_wconf 93' lang='lat' dir='ltr'>mihi</span> <span class='ocrx_word' id='word_1_219' title='bbox 500 3004 741 3077; x_wconf 84' lang='lat' dir='ltr'>temperavissem,</span> <span class='ocrx_word' id='word_1_220' title='bbox 753 3002 875 3059; x_wconf 89' lang='lat' dir='ltr'>maiores</span> <span class='ocrx_word' id='word_1_221' title='bbox 893 3003 1062 3061; x_wconf 87' lang='lat' dir='ltr'>occasiones</span> 
     </span>
     <span class='ocr_line' id='line_1_29' title="bbox 122 3098 1062 3177; baseline -0.002 -18"><span class='ocrx_word' id='word_1_222' title='bbox 122 3102 159 3159; x_wconf 92' lang='lat' dir='ltr'>ad</span> <span class='ocrx_word' id='word_1_223' title='bbox 173 3099 374 3177; x_wconf 83' lang='lat' dir='ltr'>opitulandum</span> <span class='ocrx_word' id='word_1_224' title='bbox 388 3098 533 3170; x_wconf 90' lang='lat' dir='ltr'>haberem,</span> <span class='ocrx_word' id='word_1_225' title='bbox 546 3098 706 3174; x_wconf 86' lang='lat' dir='ltr'>expeditius</span> <span class='ocrx_word' id='word_1_226' title='bbox 720 3099 773 3156; x_wconf 92' lang='lat' dir='ltr'>iter</span> <span class='ocrx_word' id='word_1_227' title='bbox 787 3100 951 3156; x_wconf 90' lang='lat' dir='ltr'>communis</span> <span class='ocrx_word' id='word_1_228' title='bbox 965 3099 1062 3157; x_wconf 89' lang='lat' dir='ltr'>salutis</span> 
     </span>
     <span class='ocr_line' id='line_1_30' title="bbox 122 3193 1062 3274; baseline -0.002 -18"><span class='ocrx_word' id='word_1_229' title='bbox 122 3217 209 3274; x_wconf 90' lang='lat' dir='ltr'>quam</span> <span class='ocrx_word' id='word_1_230' title='bbox 230 3215 313 3256; x_wconf 87' lang='lat' dir='ltr'>meae</span> <span class='ocrx_word' id='word_1_231' title='bbox 334 3196 426 3254; x_wconf 90' lang='lat' dir='ltr'>laudis</span> <span class='ocrx_word' id='word_1_232' title='bbox 447 3214 511 3254; x_wconf 90' lang='lat' dir='ltr'>esse</span> <span class='ocrx_word' id='word_1_233' title='bbox 532 3196 618 3254; x_wconf 88' lang='lat' dir='ltr'>volui.</span> <span class='ocrx_word' id='word_1_234' title='bbox 661 3193 738 3253; x_wconf 91' lang='lat' dir='ltr'>Nam</span> <span class='ocrx_word' id='word_1_235' title='bbox 758 3196 821 3272; x_wconf 90' lang='lat' dir='ltr'>quis</span> <span class='ocrx_word' id='word_1_236' title='bbox 843 3196 872 3252; x_wconf 94' lang='lat' dir='ltr'>in</span> <span class='ocrx_word' id='word_1_237' title='bbox 889 3214 924 3253; x_wconf 93' lang='lat' dir='ltr'>ea</span> <span class='ocrx_word' id='word_1_238' title='bbox 938 3196 1062 3266; x_wconf 90' lang='lat' dir='ltr'>fortuna,</span> 
     </span>
     <span class='ocr_line' id='line_1_31' title="bbox 63 3293 1064 3372; baseline -0.002 -18"><span class='ocrx_word' id='word_1_239' title='bbox 63 3340 71 3354; x_wconf 87' lang='lat'><strong>.</strong></span> <span class='ocrx_word' id='word_1_240' title='bbox 122 3315 196 3372; x_wconf 90' lang='lat' dir='ltr'>quae</span> <span class='ocrx_word' id='word_1_241' title='bbox 211 3314 276 3354; x_wconf 90' lang='lat' dir='ltr'>mea</span> <span class='ocrx_word' id='word_1_242' title='bbox 290 3305 341 3367; x_wconf 79' lang='lat' dir='ltr'>est,</span> <span class='ocrx_word' id='word_1_243' title='bbox 356 3304 385 3352; x_wconf 90' lang='lat' dir='ltr'>et</span> <span class='ocrx_word' id='word_1_244' title='bbox 399 3294 437 3351; x_wconf 87' lang='lat' dir='ltr'>ab</span> <span class='ocrx_word' id='word_1_245' title='bbox 451 3311 486 3352; x_wconf 91' lang='lat' dir='ltr'>ea</span> <span class='ocrx_word' id='word_1_246' title='bbox 500 3295 565 3365; x_wconf 85' lang='lat' dir='ltr'>vita,</span> <span class='ocrx_word' id='word_1_247' title='bbox 580 3311 667 3370; x_wconf 91' lang='lat' dir='ltr'>quam</span> <span class='ocrx_word' id='word_1_248' title='bbox 689 3293 718 3349; x_wconf 93' lang='lat' dir='ltr'>in</span> <span class='ocrx_word' id='word_1_249' title='bbox 736 3311 783 3351; x_wconf 91' lang='lat' dir='ltr'>me</span> <span class='ocrx_word' id='word_1_250' title='bbox 800 3293 948 3368; x_wconf 85' lang='lat' dir='ltr'>cognitam</span> <span class='ocrx_word' id='word_1_251' title='bbox 969 3294 1064 3352; x_wconf 92' lang='lat' dir='ltr'>homi·</span> 
     </span>
    </p>

    <p class='ocr_par' dir='ltr' id='par_1_7' title="bbox 124 3389 1064 3466">
     <span class='ocr_line' id='line_1_32' title="bbox 124 3389 1064 3466; baseline -0.003 -14"><span class='ocrx_word' id='word_1_252' title='bbox 124 3395 209 3453; x_wconf 92' lang='lat' dir='ltr'>nibus</span> <span class='ocrx_word' id='word_1_253' title='bbox 231 3394 360 3466; x_wconf 90' lang='lat' dir='ltr'>arbitror,</span> <span class='ocrx_word' id='word_1_254' title='bbox 373 3400 403 3451; x_wconf 91' lang='lat' dir='ltr'>et</span> <span class='ocrx_word' id='word_1_255' title='bbox 423 3409 486 3449; x_wconf 70' lang='lat' dir='ltr'>cum</span> <span class='ocrx_word' id='word_1_256' title='bbox 514 3409 541 3438; x_wconf 64' lang='lat' dir='ltr'>ea</span> <span class='ocrx_word' id='word_1_257' title='bbox 567 3409 618 3466; x_wconf 66' lang='lat' dir='ltr'>spe</span> <span class='ocrx_word' id='word_1_258' title='bbox 650 3408 727 3440; x_wconf 58' lang='lat' dir='ltr'>mam</span> <span class='ocrx_word' id='word_1_259' title='bbox 752 3392 779 3439; x_wconf 78' lang='lat' dir='ltr'>ir</span> <span class='ocrx_word' id='word_1_260' title='bbox 803 3389 937 3458; x_wconf 87' lang='lat' dir='ltr'>manibus</span> <span class='ocrx_word' id='word_1_261' title='bbox 959 3389 1064 3463; x_wconf 89' lang='lat' dir='ltr'>habeo,</span> 
     </span>
    </p>
   </div>
   <div class='ocr_carea' id='block_1_7' title="bbox 0 0 1189 3788">
    <p class='ocr_par' dir='ltr' id='par_1_8' title="bbox 0 0 1189 3788">
     <span class='ocr_line' id='line_1_33' title="bbox 0 0 1189 3788; baseline 0 0"><span class='ocrx_word' id='word_1_262' title='bbox 0 0 1189 3788; x_wconf 95' lang='lat' dir='ltr'> </span> 
     </span>
    </p>
   </div>
  </div>
 </body>
</html>
