2356 3810
115 227 226 318 Ep.2o.]
343 241 452 295 arrsr.
474 240 523 288 An
544 241 705 289 Arrrcuu
727 242 775 290 rr.
802 245 829 294 r.
1011 238 1054 310 55

113 385 231 469 rissent,
244 396 478 474 impulsuClodii
496 416 561 455 mea
580 414 669 472 opera
688 395 822 454 frumenti
842 395 969 471 inopiam
991 414 1055 453 esse

116 498 283 567 clamarent,
298 514 365 555 cum
382 515 434 571 per
448 513 499 553 eos
515 496 576 553 dies
590 505 706 553 senatus
723 495 759 552 de
773 512 890 555 annona
903 493 1056 562 haberetur

116 604 148 653 et
158 594 271 652 adeius
279 594 512 670 procurationem
523 609 657 650 sermone
668 584 728 650 non
740 592 834 649 solum
845 591 946 666 plebis,
957 609 1056 648 verum

116 692 204 749 etiarn
226 679 371 757 bonorum
392 690 548 765 Pompeius
569 698 718 756 vocaretur
738 688 909 794 idqqestyse
931 698 1057 763 cuperet,

117 788 329 864 multitudoque
349 806 366 846 a
384 807 432 856 me
451 787 632 857 nominatim,
647 795 678 843 ut
698 786 727 848 id
748 761 943 855 decerndiieffi,
959 795 1058 860 postue

117 887 198 958 laret,
220 886 275 945 feci
298 895 327 944 et
350 894 483 943 accurate
508 885 681 942 sententiam
710 883 777 941 dixi.
819 881 896 940 Cum
924 885 1060 940 abessent

119 985 295 1054 consulares,
328 983 407 1058 quod
439 991 501 1039 tuto
535 999 566 1039 se
600 991 739 1057 negarent
768 999 855 1056 posse
889 982 1060 1038 sententiam

119 1083 225 1152 dicere,
260 1089 372 1156 praeter
409 1078 576 1136 Messallam
614 1088 643 1136 et
677 1079 840 1148 Afranium,
875 1077 983 1136 facturn
1002 1088 1061 1136 est

120 1190 239 1239 senatus
266 1178 429 1236 consultum
454 1177 483 1232 in
507 1194 602 1234 meam
627 1178 807 1246 sententiam,
827 1185 859 1234 ut
883 1194 950 1233 curn
974 1174 1060 1232 Pom-

120 1280 188 1356 peio
214 1286 345 1352 ageretur
371 1285 403 1332 ut
430 1292 495 1332 eam
522 1292 584 1331 rem
611 1275 767 1350 susciperet
794 1275 897 1349 lexque
925 1274 1060 1343 ferretur;

115 1358 182 1451 'quo
205 1383 322 1432 senatus
343 1373 478 1430 consulto
500 1372 620 1451 recitato
646 1373 784 1431 continuo
810 1391 877 1434 curn
900 1389 981 1431 more
1002 1370 1060 1428 hoc

121 1472 232 1530 insulso
246 1479 275 1529 et
288 1488 365 1544 novo
379 1469 512 1544 plausum
527 1486 594 1530 meo
609 1470 728 1527 nomine
741 1470 889 1528 recitando
905 1469 1060 1534 dedissent,

122 1570 211 1628 habui
230 1569 395 1627 contionem
406 1585 414 1637 ;
436 1584 539 1624 omnes
559 1569 743 1642 magistratus
763 1576 929 1644 praesentes
950 1573 1063 1640 praeter

124 1685 216 1725 unum
230 1675 393 1741 praetorem
407 1673 436 1721 et
451 1664 524 1722 duos
538 1665 669 1723 tribunos
684 1666 721 1740 pl.
738 1666 896 1727 dederunta
931 1678 956 1738 7.
980 1662 1063 1719 Post-

124 1764 196 1823 ridie
217 1772 332 1821 senatus
354 1762 507 1837 frequens3
530 1772 558 1820 et
576 1780 680 1820 omnes
700 1763 864 1820 consulares
884 1761 955 1818 nihil
976 1760 1063 1817 Pom-

125 1863 193 1939 peio
220 1859 376 1936 postulanti
403 1869 562 1933 negarunt3
591 1859 636 1916 ille
664 1859 776 1934 legatos
805 1858 971 1934 quindecim
996 1873 1064 1914 curn

126 1959 292 2036 postularet,
321 1975 368 2015 me
395 1957 556 2031 principem
585 1957 743 2015 nominavit
771 1965 800 2014 et
827 1958 867 2013 ad
891 1955 990 2014 omnia
1017 1971 1065 2011 me

125 2059 247 2115 alterurn
268 2073 299 2112 se
320 2054 381 2111 fore
402 2053 481 2111 dixit.
524 2053 635 2128 Legem
661 2055 796 2113 consules
821 2054 1064 2128 conscripserunt,

126 2173 185 2232 qua
203 2152 344 2227 Pompeio
363 2169 416 2226 per
434 2151 663 2228 quinquennium
683 2153 778 2210 omnis
797 2160 924 2227 potestas
946 2149 987 2206 rei
1008 2148 1065 2205 fru-

125 2252 282 2310 mentariae
303 2259 364 2308 toto
387 2250 457 2306 orbe
478 2259 616 2306 terrarum
637 2247 767 2320 daretur3
790 2249 908 2317 alteram
930 2246 1065 2316 Messius,

125 2351 176 2426 qui
190 2349 286 2406 omnis
301 2347 440 2423 pecuniae
456 2347 504 2404 dat
518 2355 691 2421 potestatem
705 2356 734 2403 et
749 2346 877 2420 adiungit
897 2345 1019 2402 classem
1039 2354 1067 2402 et

127 2447 283 2514 exercitum
292 2454 321 2502 et
330 2445 423 2501 maius
434 2444 587 2518 imperium
598 2444 628 2500 in
639 2443 802 2518 provinciis,
812 2462 900 2520 quam
911 2443 947 2514 sit
958 2461 1067 2513 eorum,

127 2545 177 2620 qui
191 2561 241 2602 eas
260 2543 424 2600 obtineant:
439 2541 485 2598 illa
499 2546 599 2599 nostr'a
612 2540 658 2598 lex
672 2542 830 2599 consularis
844 2541 1069 2599 nunc‘modesta

127 2642 245 2710 videtur,
260 2639 332 2696 haec
353 2636 455 2696 Messii
475 2656 537 2695 non
557 2638 683 2697 ferenda.
725 2639 882 2714 Pompeius
901 2639 979 2695 illam
997 2638 1069 2695 velle

128 2759 159 2798 se
181 2738 258 2806 dicit,
277 2735 429 2793 familiares
449 2733 534 2795 hanc.
576 2735 751 2795 Consulares
773 2738 846 2796 duce
867 2735 996 2793 Favonio
1016 2734 1069 2792 fre·

128 2818 228 2905 munt,
250 2850 305 2890 nos
324 2842 461 2902 tacemus,
480 2842 508 2889 et
528 2850 564 2890 eo
585 2833 781 2908 magis-quod
802 2834 839 2891 de
860 2833 952 2897 domo.
971 2843 1070 2890 nostra

128 2933 199 2992 nihil
226 2930 321 3003 adhuc
348 2930 501 3004 pontifices
528 2931 757 3013 responderunt:
787 2932 835 3005 qui
860 2931 883 2988 si
908 2916 1111 2989 sustulerinff‘·
1140 2943 1175 2963 ‘³

128 3031 306 3106 religionem,
336 3045 432 3084 aream
461 3028 636 3103 praeclaram
666 3027 853 3100 habebimus;
890 3029 1070 3104 superficiem

129 3128 264 3189 consules
296 3144 333 3183 ex
363 3135 479 3182 senatus
507 3125 639 3183 consulto
668 3126 874 3185 aestimabunt:
910 3128 954 3184 sin
982 3127 1069 3194 aliter,

130 3225 330 3292 demolientur,
353 3240 406 3280 suo
430 3223 548 3280 nomine
572 3223 717 3293 locabunt,
740 3242 801 3281 rem
823 3233 914 3281 totam
939 3224 1070 3280 aestima·

130 3327 212 3385 bunt.
255 3325 281 3378 8.
304 3320 348 3376 Ita
369 3328 436 3377 sunt
456 3338 502 3377 res
523 3329 647 3391 nostrae,
662 3331 693 3378 ut
714 3321 743 3377 in
765 3322 907 3389 secundis,
921 3320 1023 3389 fluxae,
1039 3331 1070 3378 ut

130 3424 162 3482 in
183 3418 317 3490 adversis,
333 3420 436 3477 bonae.
478 3416 514 3475 In
534 3435 564 3475 re
586 3418 716 3477 familiari
737 3419 818 3478 valde
840 3435 948 3488 sumus,
962 3428 993 3475 ut
1014 3419 1070 3478 scis
