2348 3788
84 220 129 282 ap.
144 205 196 290 45.]
301 217 413 267 aaran
436 217 485 266 Aa
506 217 670 266 usnemu
693 219 753 267 vn.
777 222 808 288 9.
965 218 1025 289 125

83 367 219 446 postulat.
256 365 338 426 -Nam
352 367 421 444 quid
440 366 656 443 impudentius?
698 366 830 425 Tenuisti
847 365 1025 443 provinciam

83 484 137 542 per
151 465 253 524 decem
267 484 369 537 annos,
385 484 445 524 non
460 466 510 524 tibi
524 485 542 524 a
557 476 668 536 senatu,
683 465 735 523 sed
749 485 767 525 a
780 473 808 522 te
822 465 886 541 ipso
901 483 953 540 per
967 465 1024 522 vim

83 573 114 621 et
134 583 187 641 per
205 563 360 622 factionem
380 563 482 636 datos3
504 564 649 639 praeteriit
666 573 781 639 tempus
798 581 860 621 non
877 562 958 638 legis
973 564 1026 621 sed

83 662 210 721 libidinis
224 671 301 732 tuae,·
313 661 359 720 sac
373 671 480 733 tamen,
495 661 585 738 legis3
607 671 639 719 ut
654 661 831 731 succedatur,
846 660 1008 720 decernitur
1016 681 1024 732 ;

84 761 209 836 impedis
233 769 262 819 et
282 761 324 818 ais
346 760 439 819 ‘habe
459 779 555 819 meam
576 761 734 821 rationem'
776 760 863 819 Habe
885 769 1024 819 nostrum.

84 859 251 917 Exercitum
268 868 299 917 tu
317 858 425 917 habeas
442 859 555 930 diutius,
575 876 664 936 quam
682 857 807 934 populus
827 859 916 930 iussit,
936 859 1026 917 invito

85 957 206 1015 senatu?
241 955 410 1031 ‘depugnes
431 966 553 1032 oportet,
575 957 629 1015 nisi
651 955 808 1015 concedis!
851 955 927 1015 Cum
948 957 1026 1013 bona

85 1055 204 1131 quidem
232 1073 292 1132 spe,
315 1065 346 1112 ut
373 1057 412 1113 ait
438 1056 524 1125 idem,
550 1055 594 1113 vei
617 1054 750 1113 vincendi
774 1053 819 1112 vel
843 1055 873 1111 in
897 1054 1026 1112 libertate

85 1153 237 1213 moriendi.
278 1153 341 1215 Iam
360 1154 385 1212 si
404 1153 595 1230 pugnandum
610 1165 661 1223 est,
676 1170 735 1228 quo
748 1162 888 1229 ternpore,
903 1153 932 1209 in
947 1170 1026 1224 casu,

86 1268 147 1328 quo
169 1249 297 1319 consilio,
319 1251 348 1307 in
376 1249 554 1326 temporibus
576 1250 661 1308 situm
682 1259 726 1308 est
736 1267 745 1321 ;
773 1250 870 1326 itaque
891 1259 919 1307 te
940 1249 970 1308 in
991 1267 1026 1307 ea

87 1343 257 1421 quaestione
271 1361 332 1401 non
347 1361 477 1401 exerceo·
521 1342 571 1400 Ad
583 1361 626 1415 ea,
641 1361 716 1420 quae
731 1342 798 1415 dixi,
814 1342 902 1414 adfer,
917 1343 941 1401 si
956 1341 1026 1419 quid

87 1443 197 1514 habes;
219 1441 354 1518 equidem
368 1441 429 1500 dies
444 1450 602 1519 noctesque
617 1450 762 1519 torqueor.
