2356 3810
117 204 181 270 268
393 213 432 269 M.
456 216 574 267 turm]
596 212 785 269 eternorum
946 209 1016 290 [aare
1030 222 1061 270 v,

115 367 170 425 tuis
191 365 292 426 officiis
312 384 374 425 non
391 365 491 425 videor
507 366 578 425 mihi
599 369 777 443 respondere
793 386 889 443 posse,
911 369 967 427 nisi
988 369 1065 427 forte

114 475 146 523 ut
159 474 191 522 tu
205 465 370 539 gravissime
386 465 627 540 disertissimeque
645 466 791 541 scripsisti,
806 467 845 524 ita
864 484 1001 524 sensurus
1021 485 1062 537 es,

115 575 147 621 nt
161 581 209 620 me
223 562 326 620 referre
341 563 464 636 gratiam
478 573 570 638 putes,
583 581 650 620 cum
664 563 805 620 memoria
819 564 936 622 tenebo.
978 563 1010 622 si
1026 564 1062 622 de

115 660 164 716 filii
177 660 218 717 tui
233 660 370 734 dignitate
392 669 467 717 esset
485 669 590 729 actum,
605 659 755 718 amabilius
777 670 853 718 certe
873 660 944 718 nihil
958 661 1062 731 facere,

115 759 267 834 potuisses
309 756 423 814 Primae
444 767 511 814 tuae
534 757 692 815 sententiae
707 757 833 816 infinitis,
847 775 914 816 curn
935 761 1062 817 muneri-

115 856 178 926 bus,
194 855 368 930 posteriores
386 854 423 912 ad
438 865 554 931 tempus
573 855 779 930 arbitriumque
797 855 960 913 amicorum
980 875 1062 915 meo·

115 972 179 1011 rum
194 955 381 1028 compositae,
396 954 488 1010 oratio
503 953 624 1010 adsidua
644 961 672 1011 et
686 963 826 1029 perpetua
844 953 881 1011 de
899 972 956 1025 me,
971 955 1063 1030 iurgia

116 1070 183 1110 curn
198 1051 436 1109 obtrectatoribus
450 1061 569 1126 propter
582 1067 629 1108 me
644 1051 794 1108 notissima
808 1050 878 1108 mihi
893 1060 961 1109 sunt
969 1071 978 1123 3
1000 1070 1060 1110 non

116 1148 274 1206 mediocris
296 1147 462 1206 adhibenda·
483 1148 565 1226 mihi·
579 1158 621 1206 est
643 1166 719 1216 cura,
741 1156 774 1205 ut
795 1149 836 1205 rei
860 1149 993 1224 publicae
1014 1167 1061 1207 me

117 1248 208 1306 civem
237 1247 358 1321 dignum
386 1246 441 1302 tuis
469 1246 603 1303 laudibus
631 1254 784 1321 praestem,
809 1245 840 1302 in
867 1247 994 1305 amicitia
1021 1249 1062 1305 tui

116 1362 276 1403 memorem
311 1354 397 1418 atque
432 1353 554 1418 gratum.
597 1343 687 1414 Quod
719 1343 862 1418 reliquum
897 1353 950 1415 est,
979 1356 1061 1403 tuum

116 1460 223 1500 munus
242 1453 321 1499 tuere
342 1451 372 1498 et
390 1460 445 1510 me,
461 1441 493 1511 si,
509 1459 596 1517 quern
617 1459 681 1498 esse
695 1440 816 1509 voluisti,
831 1459 898 1498 eum
921 1443 999 1501 exitu
1018 1462 1061 1501 re-

116 1542 231 1616 busque
250 1539 413 1614 cognoscis
432 1538 555 1596 delende
576 1557 610 1596 aa
631 1538 754 1613 suscipe.
798 1557 823 1596 2.
845 1537 921 1597 Cum
942 1539 1061 1601 Rhoda-

117 1654 187 1694 num
216 1637 316 1713 copias
340 1636 516 1693 traiecissem
541 1635 713 1711 fratremque
739 1654 806 1693 cum
831 1637 921 1694 tribus
945 1639 1061 1696 milibus

117 1736 247 1810 equitum
262 1733 485 1808 praemisissem,
500 1733 563 1807 ipse
577 1733 633 1789 iter
644 1732 682 1789 ad
695 1731 840 1790 Mutinam
855 1733 1017 1810 dirigerem,
1032 1737 1062 1792 in

116 1835 217 1890 itinere
244 1833 280 1890 de
304 1831 415 1906 proelio
439 1830 516 1889 facto
539 1830 688 1906 Brutoque
716 1840 745 1888 et
768 1830 881 1889 Mutina
908 1833 1064 1894 obsidione

117 1931 242 1989 liberatis
261 1929 373 1987 audivi:
396 1929 582 1986 animadverti
600 1929 712 1986 nullutn
732 1929 821 1986 alium
837 1940 986 2005 receptum
1000 1931 1062 1987 An·

117 2032 230 2088 tonium
251 2028 450 2103 reliquiasque,
466 2045 540 2102 quae
561 2044 629 2084 cum
650 2044 686 2084 eo
707 2037 812 2099 essent,
827 2027 934 2086 habere
956 2030 1013 2086 nisi
1032 2030 1061 2085 in

117 2129 161 2186 his
176 2128 311 2204 partibus,
327 2126 455 2200 duasque
470 2125 497 2181 ei
511 2143 577 2200 spes
592 2143 656 2182 esse
670 2125 844 2200 propositas,
855 2143 944 2184 unam
959 2124 1062 2200 Lepidi

118 2227 220 2301 ipsius,
231 2224 350 2281 alteram
371 2223 519 2280 exercitus.
562 2220 652 2293 Quod
671 2222 815 2298 quaedam
833 2241 900 2299 pars
920 2224 1062 2280 exercitus

118 2338 179 2380 non
200 2322 297 2379 minus
318 2320 427 2378 furiosa
449 2329 492 2378 est
514 2337 602 2395 quam
624 2320 672 2395 qui
696 2338 763 2377 curn
784 2320 914 2378 Antonio
936 2319 1061 2390 fuerunt,

118 2421 275 2496 equitatum
303 2419 453 2485 revocavi;
489 2418 552 2493 ipse
584 2417 615 2475 in
642 2417 850 2491 Allobrogibus
878 2417 1001 2486 constiti,
1031 2427 1063 2473 ut

119 2517 240 2594 proinde
255 2514 292 2573 ad
306 2515 405 2572 omnia
418 2523 534 2589 paratus
552 2532 647 2573 essem
666 2532 700 2572 ac
719 2532 765 2572 res
783 2531 831 2570 me
847 2524 987 2573 moneret.
1032 2513 1062 2572 Si

119 2614 214 2672 nudus
228 2614 285 2670 huc
300 2631 331 2670 se
345 2612 491 2669 Antonius
511 2610 631 2681 confert,
646 2609 729 2669 facile
748 2611 818 2667 mihi
833 2611 933 2669 videor
948 2630 1000 2686 per
1014 2631 1063 2670 me

119 2713 258 2770 sustinere
273 2728 360 2786 posse
379 2727 498 2786 remque
516 2709 662 2785 publicam
683 2726 720 2765 ex
734 2719 828 2767 vestra
848 2711 991 2766 sententia
1013 2711 1063 2768 ad·

119 2809 288 2877 ministrare,
303 2807 433 2883 quamvis
448 2807 485 2863 ab
502 2806 629 2864 exercitu
643 2805 746 2881 Lepidi
765 2806 933 2880 recipiatur;
955 2808 979 2864 si
994 2826 1064 2866 vero

119 2907 269 2983 copiarum
290 2904 397 2980 aliquid
418 2922 517 2962 secum
538 2903 663 2961 adducet
680 2913 708 2960 et
723 2903 747 2960 si
768 2902 881 2960 decima
894 2902 971 2979 legio
985 2916 1062 2963 vete-

119 3024 198 3076 rana,
221 3021 295 3080 quae
323 3012 422 3059 nostra
449 3019 539 3076 opera
553 3011 688 3059 revocata
715 3019 782 3058 cum
805 3000 921 3076 reliquis
948 3012 1001 3073 est,
1025 3005 1063 3061 ad

119 3105 245 3161 eundern
267 3100 393 3158 furorem
414 3100 535 3169 redierit,
553 3109 659 3163 tamen,
675 3116 712 3156 ne
732 3097 801 3174 quid
823 3098 985 3157 detrimenti
1005 3101 1062 3171 fiat,

120 3202 233 3259 dabitur
254 3217 343 3274 opera
364 3215 382 3254 a
402 3215 458 3266 mc,
472 3197 559 3272 idque
581 3215 627 3253 me
647 3206 857 3270 praestatumm
878 3213 973 3270 spero,
991 3198 1061 3254 dum

122 3295 205 3352 istinc
226 3294 328 3369 copiae
348 3293 521 3351 traiiciantur
539 3293 768 3369 coniunctaeque
783 3294 933 3351 nobiscum
952 3295 1062 3356 facilius

121 3392 248 3469 perditos
274 3392 448 3468 opprimant.
502 3412 528 3468 3.
550 3391 619 3450 Hoc
640 3391 691 3448 tibi
719 3391 859 3467 spondeo,
884 3393 924 3450 mi
946 3392 1060 3466 Cicero,
