2348 3788
115 212 159 274 sp.
173 209 226 275 14⁶,
238 195 304 281 ur]
334 209 448 263 rursm
463 208 513 256 An
526 206 746 257 bauzmarus
760 209 825 259 xri.
845 212 893 259 10.
995 209 1062 277 277.

113 360 218 418 merita
231 369 384 430 exacuunt,
400 360 523 436 nequid
540 369 590 417 aut
603 378 640 418 cx
655 377 754 422 amore
773 369 822 417 aut
836 377 873 417 ex
886 358 992 419 iudicio
1007 370 1057 425 tuo

113 458 243 533 perdam.
287 455 368 533 Opto
383 467 415 514 ut
433 457 504 514 mihi
518 457 602 515 liceat
616 458 674 515 iam
688 457 832 533 praesenti
851 458 958 533 pietate
976 475 1058 515 meos

113 574 179 613 rurn
200 554 426 613 officiorumtna
442 554 582 611 beneficia
601 554 651 610 tibi
670 553 763 613 facere
778 554 954 621 iucundiora.
997 571 1057 612 v111.
1100 575 1105 585 ·

113 653 185 710 Idus
199 651 264 709 Iun.
279 650 433 722 Cularone,
448 670 484 709 ex
499 651 604 709 finibus
618 651 821 726 Allobrogum.

286 810 354 864 147.
396 805 454 863 ΑΙ)
475 804 726 863 FAMILIARES
748 805 816 862 XII.
843 824 888 864 ro.

177 919 243 980 Scn.
266 919 375 978 Roman
396 937 524 978 nnuma
544 937 638 977 mnusn
660 917 803 990 Qumrmr
823 937 906 979 nuc.
930 933 997 994 711.

439 1043 541 1084 menno
561 1043 656 1084 cnssro
677 1042 737 1082 san.

159 1157 184 1198 1.
206 1139 340 1210 Lamnus
356 1149 422 1198 tuus
440 1139 552 1208 adfinis,
567 1156 650 1202 meus
668 1136 820 1208 familiaris,
834 1155 880 1213 pr,
892 1137 931 1198 K.
947 1139 1058 1211 Quinc·

114 1240 179 1298 tiles
194 1239 343 1296 sententiis
357 1238 495 1296 omnibus
505 1237 597 1296 hostis
611 1254 634 1300 a¹
640 1245 746 1294 senatur
753 1235 893 1295 iudicatus
904 1248 948 1295 est
958 1241 1058 1298 ceteri·

114 1355 182 1414 que,
191 1338 240 1412 qui
250 1354 309 1394 una
320 1353 387 1397 cum
397 1335 446 1392 illo
456 1353 474 1392 a
484 1353 515 1392 re
526 1334 641 1410 publica
653 1332 830 1405 deiecerunt5
846 1335 950 1411 quibus
960 1345 1058 1398 tamen

114 1435 153 1492 ad
174 1434 326 1492 sanitatem
347 1432 487 1490 redeundi
510 1443 575 1493 ante
597 1430 635 1489 K.
660 1431 737 1507 Sept.
761 1441 892 1508 potestas.
909 1432 984 1492 facta
1006 1447 1057 1495 est.

115 1533 210 1592 Fortis
225 1551 295 1590 sane
310 1542 435 1602 senatus,
450 1531 501 1588 sed
516 1531 642 1590 maxime
657 1549 709 1606 spe
724 1531 843 1589 subsidii
855 1531 903 1589 tui.
945 1531 1062 1591 Bellum

115 1630 243 1708 quidem,
258 1648 325 1687 curn
342 1629 415 1686 haec
437 1629 607 1698 scribebam,
623 1646 694 1686 sane
711 1647 851 1704 magnum
872 1641 932 1688 erat
952 1633 1057 1690 scelere

114 1741 144 1788 et
158 1729 269 1786 levitate
284 1727 396 1803 Lepidi.
437 1726 503 1786 Nos
521 1728 557 1786 de
572 1726 724 1785 Dolabella
739 1718 877 1803 quotidie,
892 1748 965 1805 quae
980 1732 1058 1790 volu-

114 1845 190 1897 mus,
205 1825 345 1894 audimus,
362 1825 414 1882 sed
428 1826 523 1883 adhuc
537 1825 599 1882 sine
614 1825 716 1900 capite,
729 1826 789 1883 sine
804 1836 928 1897 auctore,
943 1846 1058 1888 rumore

105 1925 226 1982 nuntio.
271 1943 296 1981 2.
320 1922 412 1994 Quod
431 1941 501 1980 cum·
517 1924 557 1993 ita
575 1933 660 1995 esset,
675 1931 773 1981 tamen
790 1923 888 1983 litteris
907 1927 971 1996 tuis,
986 1945 1058 2002 quas

115 2022 211 2080 Nonis
226 2020 311 2079 Maiis
331 2040 366 2078 ex
381 2021 480 2078 castris
500 2021 581 2082 datas
602 2039 815 2096 acceperamus,
830 2020 870 2079 ita
888 2040 1057 2097 persuasum

115 2129 177 2184 erat
191 2118 303 2188 civitati,
319 2118 444 2176 utillum
459 2119 516 2176 iam
531 2136 706 2194 oppressum
726 2136 830 2178 omnes
848 2119 1057 2192 arbitrarentur,

114 2227 144 2284 te
165 2226 261 2274 autern
280 2216 310 2271 in
328 2215 440 2273 Italiam
460 2215 557 2275 venire
579 2234 645 2274 cum
667 2217 802 2288 exercitu,
823 2227 863 2287 ut,
885 2217 909 2276 si
928 2218 1000 2276 haec
1021 2238 1058 2278 ex

115 2314 258 2375 sententia
279 2311 413 2370 confecta
434 2322 539 2383 essent,
560 2313 681 2372 consilio
704 2324 790 2389 atque
812 2317 979 2375 auctoritate
999 2327 1057 2389 tua,

114 2413 161 2478 sin
175 2411 244 2488 quid
256 2410 328 2467 forte
342 2411 503 2482 titubatum,
515 2420 548 2468 ut
562 2411 593 2468 fit
606 2411 635 2468 in
651 2412 736 2483 bello,
749 2413 875 2471 exercitu
888 2423 939 2472 tuo
954 2415 1058 2479 nitere·

114 2529 197 2583 mur3
227 2527 315 2585 quem
340 2509 458 2584 quidem
483 2527 540 2584 ego
565 2510 724 2567 exercitum
749 2510 980 2587 quibuscumque
1004 2533 1058 2590 po-

113 2619 196 2666 tuero
223 2608 311 2664 rebus
337 2609 469 2676 ornabo3
498 2607 578 2665 cuius
606 2607 646 2664 rei
669 2617 730 2664 tum
754 2616 869 2683 tempus
897 2611 957 2681 erit,
981 2630 1057 2685 cum,

114 2704 187 2780 quid
199 2705 263 2780 opis
277 2705 317 2762 rei
331 2706 464 2782 publicae
478 2704 586 2766 laturus
601 2705 625 2762 is
640 2705 781 2762 exercitus
803 2706 838 2762 sit
852 2715 901 2770 aut
915 2708 984 2783 quid
998 2709 1056 2770 iam

113 2802 214 2871 tulerit,
230 2812 332 2861 notum
346 2823 411 2864 esse
430 2803 577 2878 coeperit:
599 2820 667 2860 nam
687 2801 782 2862 adhuc
801 2813 912 2862 tantum
934 2817 1056 2866 conatus

114 2899 276 2969 audiuntur,
291 2903 392 2976 optimi
413 2903 451 2962 illi
471 2901 589 2978 quidem
610 2909 639 2958 et
658 2900 885 2976 praeclarissimi,
902 2903 953 2961 sed
973 2915 1056 2979 gesta

112 3016 161 3060 res
180 3009 371 3074 exspectatur,
388 3019 476 3076 quam
495 3001 615 3078 quidem
633 3010 681 3058 aut
699 2999 756 3057 iarn
777 3017 842 3058 esse
860 3000 985 3076 aliquam
1006 3013 1056 3063 aut

114 3096 349 3172 adpropinquare
373 3099 499 3160 conlido.
543 3117 569 3174 3.
595 3097 663 3158 Tua
684 3099 785 3156 virtute
808 3104 835 3154 el
855 3098 1055 3173 magnitudine

114 3194 205 3252 animi
230 3194 299 3251 nihil
323 3206 367 3254 est
388 3196 527 3268 nobib'us;
549 3197 645 3274 itaque
670 3206 813 3272 optamus,
832 3203 864 3251 ut
888 3212 976 3269 quam
998 3197 1056 3272 pri·

114 3308 198 3349 mum
219 3300 247 3347 te
272 3292 301 3348 in
323 3292 406 3352 paria
425 3294 588 3356 videamus:
614 3313 676 3353 rem
701 3292 846 3370 publicam
871 3309 925 3352 110⁸
948 3292 1056 3361 habere

113 3386 315 3448 arbitrabimur
363 3399 379 3448 n
405 3408 458 3455 vor
486 3392 665 3455 babebimus.
708 3388 856 3450 Praeclare
887 3389 1055 3466 viceramus,
