2348 3788
77 237 121 300 ap.
137 219 206 306 37]
269 231 383 284 aaran
406 230 456 282 Aa
476 233 698 282 cantarnaco
717 235 755 292 rr,
782 235 830 301 13.
960 236 1028 302 109.

75 383 157 456 Quid
178 394 222 443 est
243 403 355 455 causae,
378 403 428 443 cur
449 383 519 442 mihi
540 401 600 445 non
624 383 654 441 in
675 383 782 459 optatis
807 383 842 441 sit
867 382 1020 458 complecti

74 483 226 540 hominem
254 483 406 541 florentem
431 492 544 552 aetate,
558 483 673 556 opibus,
699 479 867 550 honoribus,
892 480 1020 555 ingeni0,

74 579 182 650 liberis,
214 580 395 657 propinquis
427 579 579 648 adfinibus
611 578 710 636 amicis
746 577 887 652 collegam
921 595 1021 634 meum

75 678 246 752 praesertim
266 687 294 735 et
312 677 342 733 in
361 678 425 752 ipsa
446 676 559 751 collegii
578 675 662 733 laude
682 683 711 732 et
725 675 844 733 scientia
859 675 1021 734 studiosum

75 775 155 832 mei?
183 773 255 832 haec
276 792 312 832 eo
331 774 459 850 pluribus
481 774 589 848 scripsi,
612 771 691 848 quod
712 791 766 830 non
786 772 856 830 nihil
878 773 1021 849 significa·

76 873 148 929 bant
169 882 235 929 tuae
256 871 364 930 litterae
387 871 571 929 subdubitare
595 877 627 940 le,
648 888 707 945 qua
731 887 826 928 essem
850 888 918 945 erga
941 871 1022 928 illum

76 969 233 1028 voluntate.
277 968 374 1027 Credo
402 979 430 1027 te
455 969 569 1026 audisse
597 967 720 1043 aliquid:
749 966 853 1025 falsum
877 977 928 1038 est,
951 969 1022 1026 mihi

78 1067 173 1136 crede,
191 1067 216 1124 si
236 1065 307 1141 quid
327 1065 438 1123 audisti.
481 1064 583 1123 Genus
608 1065 800 1129 institutorum
825 1073 853 1122 et
877 1067 1022 1123 rationum

77 1183 209 1222 mearum
224 1163 482 1221 dissimilitudinem
497 1181 557 1220 non
571 1161 680 1219 nullam
694 1161 781 1219 habet
796 1180 862 1219 curn
879 1163 952 1221 illius
971 1165 1022 1222 ad-

77 1262 289 1319 ministratione
307 1261 489 1336 provinciae:
514 1279 550 1317 ex
570 1276 606 1317 eo
620 1258 738 1334 quidam
752 1259 887 1333 suspicati
901 1259 1022 1320 fortasse

78 1368 156 1428 sunt,
181 1358 345 1415 animorum
374 1358 569 1428 contentione,
596 1374 658 1414 non
686 1356 857 1432 opinionum
886 1358 1021 1417 dissensi-

78 1475 138 1514 one
162 1474 209 1514 me
236 1457 274 1513 ab
301 1473 337 1513 eo
367 1456 543 1531 discrepare;
580 1454 650 1511 nihil
678 1463 774 1511 autem
802 1453 858 1512 feci
882 1473 1022 1532 umquam

79 1572 175 1630 neque
197 1553 264 1622 dixi,
288 1551 367 1628 quod
388 1563 489 1610 contra
516 1552 590 1610 illius
611 1552 852 1610 existimationem
880 1571 943 1611 esse
965 1554 1023 1612 vel-

79 1653 147 1709 lem.
189 1650 259 1708 Post
286 1651 344 1710 hoc
368 1652 516 1726 negotium
539 1660 635 1707 autem
662 1660 690 1708 et
717 1649 904 1707 temeritatem
932 1653 1023 1710 nostri

79 1748 250 1807 Dolabellae
282 1748 499 1824 deprecatorem
530 1767 578 1806 me
610 1765 663 1823 pro
693 1746 766 1804 illius
783 1747 910 1822 periculo
940 1734 1023 1824 prae-

81 1849 148 1905 beo.
201 1865 227 1921 3.
248 1845 318 1904 Erat
345 1846 375 1902 in
408 1847 511 1904 eadem
544 1845 666 1922 epistola
693 1850 843 1903 ‘veternus
873 1846 1022 1905 civitatis:'

79 1944 245 2020 gaudebam
267 1962 336 2001 sane
357 1953 385 2000 et
406 1944 576 2018 congelasse
598 1952 730 2001 nostrum
751 1943 877 2000 amicum
897 1944 1024 2003 laetabar

80 2043 151 2100 otio,
203 2041 341 2099 Extrema
371 2041 485 2116 pagella
516 2041 640 2116 pupugit
670 2058 717 2098 me
744 2051 795 2098 tuo
823 2040 1024 2118 chirographo

81 2138 163 2211 Quid
191 2138 253 2196 ais?
288 2136 444 2195 Caesarem
471 2156 550 2195 nunc
578 2137 705 2195 defendit
733 2137 842 2196 Curio?
876 2139 940 2213 quis
968 2138 1024 2196 hoc

81 2246 195 2313 putarat
214 2243 326 2310 praeter
344 2236 414 2293 me?
435 2253 511 2306 nam,
526 2237 566 2293 ita
584 2236 686 2305 vivam,
704 2236 808 2310 putavi.
850 2234 889 2292 Di
907 2236 1025 2294 immor-

80 2335 169 2393 talesl
192 2351 280 2410 quarn
301 2350 357 2407 ego
380 2333 470 2389 risum
492 2343 623 2390 nostrum
643 2333 792 2391 desidero!
824 2331 897 2390 Mihi
915 2343 975 2390 erat
994 2333 1025 2391 in

81 2433 190 2501 anima,
212 2432 351 2506 quoniam
375 2429 601 2488 iurisdictionem
623 2430 812 2500 confeceram,
834 2431 960 2489 civitates
983 2429 1025 2488 lo·

81 2529 267 2604 cupletaram‚
282 2527 444 2602 publicanis
461 2528 548 2585 etiam
566 2529 721 2604 superioris
739 2528 818 2586 lustri
837 2528 946 2604 reliqua
963 2529 1025 2586 sine

82 2627 229 2684 sociorum
249 2625 306 2683 ulla
327 2624 443 2699 querela
467 2642 676 2695 conservatam,
698 2626 813 2701 privatis
837 2627 958 2684 summis
981 2627 1025 2683 in·

81 2724 158 2780 fimis
173 2724 283 2780 sueram
303 2722 455 2791 iucundus,
470 2723 614 2798 proficisci
633 2724 663 2779 in
678 2723 807 2781 Ciliciam
826 2722 920 2780 Nonis
940 2722 1026 2781 Maiis

82 2831 120 2891 et,
136 2837 203 2877 curn
225 2820 318 2894 prima
336 2820 444 2876 aestiva
463 2819 621 2894 attigissem
636 2838 692 2876 rem
706 2820 912 2896 militaremque
927 2822 1027 2878 conlo·

82 2935 207 2987 cassem,
222 2915 362 2974 decedere
377 2935 414 2973 ex
429 2926 546 2973 senatus
560 2916 701 2974 consulto.
744 2916 839 2994 Cupio
856 2926 885 2975 te
904 2918 1026 2977 aedilem

82 3015 179 3072 videre
200 3014 332 3089 miroque
354 3012 495 3071 desiderio
516 3030 564 3071 me
585 3014 653 3072 urbs
676 3013 773 3073 adficit
794 3023 822 3073 et
844 3031 948 3073 omnes
967 3014 1026 3073 mei

82 3123 173 3188 tuque
188 3111 217 3167 in
231 3111 340 3187 primis.
