2356 3810
115 209 160 291 76.
383 216 421 268 Μ.
448 219 566 267 runnu
587 218 776 267 creandum
943 200 1012 294 [Pars
1026 220 1059 268 rr.

115 370 253 448 dignitate
273 379 323 428 aut
343 369 457 428 occulta
475 386 536 426 non
556 368 701 426 nullorum
720 368 788 426 odia
810 376 860 427 aut
882 369 1006 426 obscura
1028 370 1059 427 in

114 488 161 528 me
177 469 270 527 studia
285 469 456 538 cernebam;
479 485 547 524 nam
562 485 657 540 neque
668 465 708 522 ‘de
722 467 919 524 monumentis
933 467 1007 524 meis
1021 468 1060 524 ab

114 568 148 624 iis
163 566 276 625 adiutus
290 584 331 636 es,
346 584 364 622 a
378 565 483 642 quibus
504 564 635 633 debuisti,
652 581 747 639 neque
768 564 804 621 de
823 565 850 620 vi
868 563 986 634 nefaria,
1002 582 1062 640 qua

43 656 45 661 ⁴
115 683 182 722 cum
204 664 289 722 fratre
310 681 390 722 eram
411 663 501 721 domo
524 661 661 736 expulsus
673 681 681 733 ;
713 680 808 738 neque
829 661 945 720 hercule
970 663 1001 719 in
1026 663 1061 721 iis

114 763 185 837 ipsis
216 762 310 832 rebus,
339 777 413 836 quae
442 777 621 836 quamquam
655 769 735 818 erant
765 760 836 817 mihi
867 770 985 836 propter
1020 760 1062 818 rei

115 858 259 917 familiaris
274 857 424 933 naufragia
438 858 626 927 necessariae,
641 865 740 914 tamen
755 875 772 915 a
786 875 833 916 me
848 858 961 915 minimi
976 869 1061 933 puta-

115 959 227 1026 bantur,
242 956 271 1013 in
286 956 366 1019 ¹meis
387 955 501 1013 damnis
520 973 556 1011 ex
576 954 747 1012 auctoritate
765 964 881 1013 senatus
903 955 1061 1015 sarciendis

115 1071 181 1111 eam
195 1053 381 1123 voluntatem,
397 1069 485 1128 quam
501 1061 708 1126 exspectaram,
720 1053 928 1127 praestiterunt
974 1052 1061 1125 Quae

116 1169 183 1212 cum
204 1151 470 1226 viderem—neque
495 1159 576 1207 erant
603 1151 777 1220 obscura-,
798 1160 978 1208 nontamen
1000 1162 1061 1209 tam

116 1250 220 1308 acerba
237 1248 307 1306 mihi
323 1245 399 1307 vhaec
413 1247 591 1317 accidebant,
606 1265 694 1322 quam
711 1257 791 1306 erant
812 1248 860 1306 illa
878 1259 969 1324 grata,
984 1267 1061 1324 quae

116 1347 251 1406 fecerant.
294 1349 322 1405 6.
344 1345 447 1423 Itaque
462 1362 638 1421 quamquam
653 1356 681 1402 et
695 1344 837 1420 Pompeio
852 1346 1017 1421 plurimum,
1032 1357 1061 1404 te

116 1445 235 1522 quidem
256 1444 321 1520 ipso
342 1444 539 1520 praedicatore
559 1460 593 1501 ac
614 1453 694 1514 teste,
710 1443 853 1501 debebam
872 1453 901 1502 et
917 1462 984 1501 eum
999 1461 1060 1502 non

83 1587 86 1594 -
117 1545 212 1602 solum
236 1541 389 1611 beneficio,
412 1541 463 1599 sed
485 1557 584 1599 amore
605 1542 691 1599 etiam
713 1550 742 1598 et
769 1550 910 1617 perpetuo
931 1543 1061 1618 quodam

117 1638 223 1696 iudicio
252 1654 321 1694 meo
347 1623 511 1710 diligebam,
533 1643 631 1692 tamen
658 1652 717 1692 non
747 1646 892 1710 reputans,
914 1636 985 1711 quid
1013 1637 1059 1695 ille

117 1737 208 1805 vellet,
223 1735 253 1793 in
274 1734 411 1792 omnibus
432 1732 505 1790 meis
526 1732 675 1790 sententiis
696 1732 733 1790 de
754 1751 784 1790 re
803 1734 918 1809 publica
932 1735 1060 1810 pristinis

117 1833 331 1910 permanebam.
390 1845 415 1906 7.
438 1829 504 1906 Ego
538 1830 657 1888 sedente
688 1829 741 1888 Cn
764 1829 907 1907 Pompeio
934 1851 1001 1890 cum
1030 1844 1062 1891 ut

117 1931 246 1989 laudaret
259 1931 291 1989 P.
309 1929 432 1988 Sestium
451 1928 597 1986 introisset
616 1928 647 1985 in
663 1929 774 1999 urbem,
789 1929 965 2005 dixissetque
980 1932 1061 1989 testis

117 2029 251 2087 Vatinius
273 2047 320 2086 me
339 2027 455 2086 fortuna
476 2035 504 2084 et
525 2025 659 2085 felicitate
680 2025 714 2086 C.
730 2025 862 2085 Caesaris
879 2039 1062 2087 commotum

117 2128 155 2185 illi
175 2129 301 2186 amicum
321 2145 384 2185 esse
403 2125 543 2200 coepisse,
560 2125 619 2184 dixi
639 2143 768 2184 mecam
789 2125 884 2183 Bibuli
905 2125 1061 2198 fortunam,

118 2244 206 2301 quam
227 2225 273 2284 ille
295 2225 442 2282 adflictam
462 2231 583 2299 putaret,
599 2224 730 2282 omnium
752 2223 903 2300 triumphis
923 2226 1062 2284 victoriis-

118 2342 175 2398 que
200 2323 358 2393 anteferre;
390 2321 507 2395 dixique
529 2321 635 2379 eo'dem
657 2330 729 2379 teste
754 2321 810 2388 alio
837 2321 913 2393 1000,
938 2325 1060 2383 eosdem

117 2440 191 2492 esse,
213 2421 262 2497 qui
286 2420 421 2478 Bibulum
444 2419 521 2477 exire
543 2421 633 2480 domo
657 2420 871 2496 prohibuissent
891 2432 920 2480 et
940 2423 990 2498 qui
1012 2442 1061 2481 me

119 2519 299 2594 coegissent:
329 2528 390 2576 tota
411 2536 478 2576 vero
499 2519 686 2593 interrogatio
708 2536 775 2576 mea
794 2519 864 2577 nihil
886 2519 986 2578 habuit
1007 2524 1062 2580 nisi

119 2616 374 2693 reprehensionem
387 2618 462 2676 illius
476 2617 651 2687 tribunatus;
674 2616 704 2673 in
719 2634 777 2692 qua
791 2618 891 2675 omnia
905 2618 981 2676 dicta
996 2631 1063 2679 sunt

118 2717 247 2774 libertate
268 2715 425 2792 animoque
446 2716 575 2774 maximo
594 2713 630 2772 de
649 2714 685 2785 vi,
700 2714 737 2772 de
756 2716 900 2790 auspiciis,
916 2717 952 2774 de
971 2718 1063 2776 dona-

119 2814 199 2871 tione
213 2828 379 2886 regnorum.
422 2815 449 2872 8.
472 2811 578 2888 Neque
592 2830 660 2869 vero
675 2810 729 2870 hac
744 2812 774 2869 in
789 2831 876 2871 eausa
894 2815 995 2885 modo,
1011 2816 1064 2874 sed

121 2919 285 2970 constanter
313 2927 402 2986 saepe
429 2911 460 2968 in
488 2919 606 2968 senatu:
636 2910 706 2984 quin
729 2910 816 2967 etiam
840 2910 1011 2971 Marcellino
1035 2925 1064 2972 et

120 3009 255 3084 Philippo
284 3009 452 3068 consulibus
480 3008 575 3067 Nonis
603 3008 751 3083 Aprilibus
776 3008 847 3066 mihi
874 3020 917 3069 est
945 3023 1064 3071 senatus

121 3108 270 3177 adsensus,
292 3116 323 3164 ut
344 3106 380 3163 de
401 3124 472 3182 agro
495 3105 647 3181 Campano
668 3105 811 3181 frequenti
840 3120 940 3166 senatu
963 3109 1064 3170 Idibus

122 3205 209 3263 Maiis
223 3202 379 3262 referretur.
422 3204 503 3263 Num
517 3206 598 3279 potui
612 3205 705 3280 magis
720 3205 750 3262 in
762 3223 858 3263 arcem
871 3206 945 3266 illius
959 3227 1065 3267 causae

122 3302 256 3360 invadere
278 3314 326 3361 aut
346 3305 440 3378 magis
452 3303 590 3381 ‚oblivisci
612 3311 776 3378 temporum
798 3321 939 3375 meomm,
961 3307 1064 3364 memi-

123 3403 199 3460 nisse
213 3402 381 3460 actionum?
403 3402 458 3460 hac
472 3420 489 3458 a
504 3420 551 3460 me
566 3404 707 3460 sententia
721 3402 797 3460 dicta
813 3421 937 3480 magnus
952 3407 1064 3464 animo·
