2356 3810
116 172 180 238 216
396 183 433 237 M.
459 185 577 232 ructu
599 185 786 234 eternorum
932 173 1003 256 [rm
1017 183 1061 236 ru.

290 404 356 461 102.
398 400 456 458 AD
476 399 728 458 FAMILIARES
750 400 835 459 XIII.
857 419 886 474 4.

266 515 331 575 Scn.
347 514 456 574 Roma
477 533 570 573 neustr
592 514 726 574 Ocrosru
746 535 830 576 nuc.
847 530 915 592 709.

164 640 195 681 u.
211 640 313 682 arcano
328 639 349 679 s.
365 639 393 680 u.
405 639 431 688 o.
446 639 572 680 varrnro
586 639 613 688 o.
629 639 655 679 r.
670 640 763 681 onena
777 640 892 682 aratro
908 642 1009 683 rnonn.

159 757 183 796 1.
205 736 274 795 Cuu
294 737 488 812 municipibus
502 735 701 794 Volaterranis
719 737 790 794 mihi
805 756 920 796 summa
933 740 1062 798 necessi-

115 837 186 893 tudo
211 844 271 907 est;
300 853 410 910 magno
436 836 514 892 enim
539 852 608 892 meo
632 835 774 894 beneficio
799 836 906 895 adfecti
930 838 1061 895 cumula·

115 935 224 992 tissime
240 933 311 990 mihi
331 933 454 1009 gratiam
475 931 658 1003 rettulerunt;
680 951 749 990 nam
769 952 824 992 nec
846 936 876 990 in
897 933 1061 993 honoribus

114 1031 187 1089 meis
200 1050 247 1088 nec
261 1032 292 1088 in
307 1031 454 1089 laboribus
468 1049 609 1105 umquam
624 1029 784 1088 defuerunt.
828 1030 904 1089 Cum
915 1033 1022 1108 quibus
1037 1036 1061 1091 si

114 1129 184 1186 mihi
206 1129 285 1186 nulla
306 1147 396 1187 causa
416 1129 613 1198 intercederet,
631 1115 738 1198 tamen,
756 1129 837 1203 quod
856 1138 884 1187 te
902 1130 1060 1190 vehemen-

114 1227 222 1285 tissime
246 1227 335 1301 diligo
359 1228 498 1303 quodque
517 1245 570 1284 me
595 1245 613 1284 a
636 1236 665 1284 te
689 1226 804 1301 plurimi
825 1226 887 1284 fieri
909 1229 1013 1294 senti0,
1033 1240 1062 1287 et

53 1303 55 1310 ’
115 1341 264 1382 monerem
289 1334 369 1383 teet
393 1325 530 1395 hortarer,
551 1335 583 1382 ut
607 1341 708 1381 eorum
733 1323 855 1381 fortunis
882 1326 1060 1396 consuleres,
1111 1344 1114 1351 ·

115 1423 283 1497 praesertim
308 1441 376 1480 cum
400 1440 492 1498 prope
513 1422 700 1497 praecipuam
722 1438 839 1478 causam
861 1421 1002 1480 haberent
1023 1426 1062 1484 ad

115 1519 159 1576 ius
181 1519 389 1577 obtinendum:
412 1521 538 1594 primum
560 1519 640 1594 quod
662 1517 770 1575 Sullani
790 1520 929 1593 temporis
951 1523 1060 1579 acerbi-

115 1625 203 1674 tatem
232 1618 354 1675 deorum
382 1616 588 1674 immortalium
611 1616 789 1690 benignitate
815 1617 1059 1694 subterfugerunt,

115 1714 229 1785 deinde,
245 1715 325 1790 quod
343 1732 458 1772 summo
480 1715 574 1772 studio
591 1713 691 1789 'populi
706 1713 835 1771 Romani
849 1733 867 1772 a
880 1734 928 1773 me
942 1717 973 1773 in
988 1737 1059 1776 con-

115 1811 208 1870 sulatu
235 1829 304 1870 meo
332 1811 443 1870 defensi
472 1820 546 1869 sunt.
590 1831 616 1869 2.
647 1810 723 1869 Cum
751 1813 821 1868 enim
849 1813 956 1871 tribuni
981 1817 1059 1890 plebi

115 1909 210 1984 legem
224 1910 434 1985 iniquissimam
449 1909 485 1966 de
497 1927 597 1967 eorum
608 1910 685 1984 agris
696 1909 965 1985 promulgavissent,
976 1913 1059 1972 facile

115 2009 227 2066 senatui
242 2008 409 2085 populoque
425 2006 562 2066 Romano
579 2008 718 2082 persuasi,
733 2017 764 2065 ut
783 2027 836 2066 eos
855 2010 938 2081 cives,
955 2013 1060 2087 quibus

115 2106 230 2165 fortuna
249 2107 436 2183 pepercisset,
451 2106 546 2163 salvos
566 2123 630 2163 esse
649 2106 761 2166 vellent.
805 2106 892 2164 Hanc
912 2110 1059 2169 actionem

114 2223 211 2262 meam
226 2203 260 2264 C.
276 2204 385 2263 Caesar
402 2204 497 2280 primo
517 2220 570 2260 suo
590 2204 740 2262 consulatu
761 2205 825 2280 lege
844 2207 956 2280 agraria
978 2227 1059 2267 com·

115 2303 247 2377 probavit
260 2321 420 2378 agrumque
436 2301 657 2360 Volaterranum
676 2313 705 2360 et
723 2304 864 2378 oppidum
883 2306 965 2362 omni
984 2310 1059 2382 peri·

116 2401 182 2458 culo
198 2401 228 2457 in
242 2410 414 2476 perpetuum
428 2401 563 2471 liberavit,
578 2411 610 2458 ut
628 2400 699 2458 mihi
719 2401 838 2458 dubium
857 2420 919 2460 non
937 2405 973 2461 sit
987 2409 1058 2480 quin

115 2498 148 2568 is,
162 2498 212 2573 qui
226 2516 318 2556 novas
333 2498 560 2556 necessitudines
576 2499 722 2573 adiungat,
737 2508 831 2556 vetera
845 2517 898 2556 sua
916 2502 1059 2563 beneficia

115 2595 279 2653 conservari
296 2595 371 2654 velit.
413 2595 512 2666 Quam
531 2597 650 2654 obrem
669 2605 713 2653 est
729 2606 795 2654 tuae
817 2597 988 2670 prudentiae
1010 2615 1059 2660 aut

115 2693 198 2767 sequi
226 2694 286 2751 eius
315 2694 521 2764 auctoritatem,
548 2693 629 2751 cuius
655 2702 763 2751 sectam
792 2703 877 2769 atque
905 2696 1058 2772 imperium

115 2808 230 2848 summa
244 2809 311 2849 cum
326 2800 375 2849 tua
389 2793 528 2868 dignitate
543 2802 658 2851 secutus
669 2809 708 2861 es,
719 2801 767 2848 aut
779 2803 855 2849 certe
866 2792 904 2848 illi
915 2794 1059 2870 integram

115 2906 233 2946 omnem
249 2907 367 2946 causam
382 2909 525 2948 reservare
534 2909 541 2962 ;
564 2890 633 2948 illud
647 2908 715 2947 vero
729 2890 859 2948 dubitare
878 2909 939 2948 non
958 2894 1058 2966 debes

115 2988 185 3062 quin
206 2997 266 3044 tarn
287 3006 381 3062 grave,
400 2998 459 3044 tam
476 2989 599 3058 firmum,
615 2997 674 3044 tam
693 2986 847 3044 honesturn
867 2990 1058 3067 municipium

115 3085 166 3143 tibi
191 3095 242 3143 tuo
270 3103 385 3143 summo
413 3086 556 3143 beneficio
584 3085 614 3142 in
641 3096 813 3160 perpetuum
835 3085 957 3160 obligari
977 3090 1056 3149 velis.

117 3203 144 3258 3.
167 3182 225 3242 Sed
245 3183 326 3254 haec,
341 3202 416 3259 quae
437 3202 525 3260 supra
546 3183 651 3258 scripta
670 3191 744 3252 sunt,
764 3199 800 3239 eo
822 3194 961 3257 spectant,
976 3197 1007 3244 ut
1029 3200 1057 3248 te

115 3281 211 3339 horter
225 3292 253 3339 et
268 3282 422 3341 suadeam:
440 3283 551 3358 reliqua
565 3291 640 3346 sunt,
653 3298 727 3356 quae
742 3280 884 3355 pertinent
898 3283 935 3341 ad
950 3302 1057 3358 rogan·

117 3380 195 3451 dum,
214 3390 245 3438 ut
268 3397 329 3438 non
351 3380 445 3439 solum
471 3390 519 3438 tua
543 3397 630 3439 causa
655 3379 705 3437 tibi
734 3377 883 3438 consilium
911 3398 959 3440 me
988 3383 1056 3443 dare
