2356 3810
165 211 225 296 156
381 227 471 281 ΥΜ.
498 227 618 276 Turtn
640 229 827 279 arcanorum
975 215 1044 301 [rats
1060 230 1105 282 ut

355 450 400 504 64.
445 445 501 502 ΑΙ)
522 445 716 504 ATTICUM
738 447 791 504 IX.
817 466 850 505 11
874 445 910 506 A.

164 559 227 620 Sca.
243 578 274 618 nr
287 559 441 620 Fonnrnno
453 580 512 619 nn.
524 580 568 619 xv.
582 558 616 640 (i)
629 561 789 620 Knrunnns
801 561 929 620 Arrrrus
939 579 1024 622 Aue.
1037 576 1052 638 7
1078 578 1105 636 5.

398 684 499 726 crcrrno
520 685 614 725 runs
629 685 657 725 u.
672 668 792 726 causant
812 685 871 725 rur.

167 816 169 821 ,
206 798 230 840 1.
246 777 293 838 Ur
307 780 364 855 legi
378 790 441 843 tuas
452 782 566 854 litteras,
577 800 649 857 quas
660 800 678 839 a
691 781 800 840 Furnio
811 792 912 840 nostro
923 801 1104 859 acceperam,

162 880 266 955 quibus
287 897 402 953 mecum
423 880 540 954 agebas,
562 889 593 937 ut
613 880 652 938 ad
671 881 774 938 urbem
795 898 898 951 essem,
920 891 948 938 te
969 881 1042 938 velle
1063 881 1105 939 uti

163 977 285 1035 consilio
301 986 329 1034 et
343 976 480 1051 dignitate
494 995 568 1046 mea,
580 978 675 1035 minus
690 995 756 1035 sum
770 977 946 1036 admiratus:
961 978 997 1035 de
1012 980 1105 1053 gratia

164 1075 245 1133 etde
264 1090 321 1149 ope
341 1074 410 1149 quid
431 1075 616 1149 significares,
632 1093 747 1133 mecum
768 1075 831 1150 ipse
852 1078 1036 1150 quaerebam,
1051 1095 1106 1152 spe

163 1183 260 1230 tamen
289 1164 453 1230 deducebar
477 1172 515 1230 ad
540 1190 604 1230 earn
630 1173 844 1247 cogitationem,
867 1183 899 1230 ut
922 1183 950 1232 te
975 1192 1028 1249 pro
1055 1185 1106 1232 tua

164 1271 322 1329 admirabili
337 1288 371 1327 ac
385 1270 521 1346 singulari
536 1271 678 1345 sapientia
693 1271 729 1329 de
744 1272 810 1340 oti0‚
827 1271 863 1329 de
878 1289 960 1347 pace,
975 1272 1012 1330 de
1033 1290 1105 1330 con-

164 1369 263 1428 cordia
283 1369 387 1427 civium
411 1369 459 1444 agi
483 1368 553 1426 velle
578 1369 736 1434 arbitrarer,
757 1377 786 1426 et
810 1369 848 1426 ad
872 1387 937 1426 eam
960 1370 1105 1427 rationem

164 1467 364 1524 existimabam
388 1467 455 1524 satis
480 1476 578 1541 aptam
603 1482 666 1524 esse
691 1475 719 1524 et
742 1476 873 1524 naturam
895 1476 924 1525 et
947 1486 1105 1543 personam

164 1582 268 1622 meam.
314 1583 340 1622 a.
363 1563 454 1634 Quod
468 1565 491 1621 si
506 1565 545 1621 ita
559 1573 603 1621 est
621 1573 650 1622 et
669 1564 765 1639 siqua
785 1564 822 1622 de
841 1563 983 1641 Pompeio
1002 1578 1104 1625 nostro

165 1663 274 1721 tuendo
304 1672 332 1720 et
362 1663 413 1720 tibi
444 1680 478 1720 ac
508 1661 550 1719 rei
577 1663 708 1736 publicae
736 1663 951 1722 reconciliando
979 1682 1048 1723 cura
1075 1675 1105 1724 te

165 1761 286 1836 attingit,
301 1760 394 1835 magis
408 1760 555 1831 idoneum,
570 1778 658 1836 quam
678 1778 734 1835 ego
755 1779 827 1830 sum,
842 1761 879 1819 ad
899 1779 964 1819 eam
985 1781 1105 1821 causam

165 1859 296 1936 prolecto
311 1859 436 1933 reperies
449 1859 605 1928 neminem,
620 1858 669 1933 qui
690 1868 718 1916 et
739 1858 778 1914 illi
799 1876 914 1934 semper
933 1869 962 1917 et
983 1861 1104 1931 senatui,

165 1976 232 2016 cum
253 1957 377 2032 primurn
398 1956 487 2030 potui,
509 1957 588 2031 pacis
610 1965 710 2014 auctor
730 1954 779 2026 fui,
798 1975 853 2014 nec
874 1957 995 2032 sumptis
1016 1961 1105 2016 armis

165 2057 233 2114 belli
248 2055 336 2112 ullam
354 2063 466 2129 partem
487 2055 575 2129 attigi,
591 2054 781 2129 iudicavique
792 2071 828 2111 eo
849 2053 926 2112 bello
946 2064 974 2112 te
994 2055 1104 2129 violari,

166 2166 267 2215 contra
281 2153 361 2212 cuius
372 2154 515 2211 honorem
528 2151 628 2229 populi
639 2152 767 2210 Romani
777 2152 918 2210 beneficio
930 2170 1105 2211 concessum

165 2253 273 2311 inimici
288 2262 372 2327 atque
392 2250 479 2309 invidi
497 2251 662 2308 niterentur.
705 2248 763 2308 Sed
781 2259 813 2307 ut
833 2267 869 2308 eo
890 2259 1021 2325 tempore
1043 2269 1105 2308 non

128 2425 130 2429 Ι
165 2351 256 2409 modo
274 2350 337 2425 ipse
356 2349 450 2406 fautor
469 2348 614 2423 dignitatis
633 2358 698 2406 tuae
718 2346 766 2418 fui,
780 2365 879 2405 verum
898 2348 984 2405 etiarn
1003 2350 1105 2407 ceteris

165 2458 265 2507 auctor
281 2446 319 2505 ad
337 2456 366 2505 te
384 2447 588 2517 adiuvandum,
603 2445 643 2504 sic
661 2463 709 2503 me
728 2463 807 2503 nunc
828 2445 959 2521 Pompeii
980 2446 1104 2522 dignitas

165 2546 351 2605 vehementer
367 2555 462 2602 movet
470 2563 479 2616 ;
501 2544 610 2619 aliquot
627 2544 705 2601 enirn
723 2553 790 2601 sunt
804 2544 882 2613 anni,
898 2561 964 2601 cum
977 2561 1030 2602 vos
1045 2545 1104 2603 duo

116 2637 118 2640 Α
166 2644 268 2718 delegi,
280 2660 354 2718 quos
365 2641 519 2718 praecipue
533 2641 658 2699 colerem
673 2649 701 2698 et
712 2642 816 2716 quibus
831 2658 934 2711 essem,
945 2641 1018 2698 sicut
1029 2660 1103 2711 sum,

165 2742 364 2801 amicissimus.
407 2757 433 2814 3.
449 2737 547 2810 Quam
561 2739 599 2796 ob
614 2757 675 2796 rem
689 2756 708 2796 a
720 2747 748 2796 te
763 2748 831 2814 peto
844 2737 889 2796 vel
903 2738 999 2814 potius
1010 2741 1104 2796 omni-

90 2844 91 2847 ’
165 2843 221 2899 bus
234 2849 263 2896 te
282 2838 414 2913 precibus
432 2854 485 2894 oro
505 2846 533 2894 et
552 2837 689 2907 obtestor,
703 2843 735 2894 ut
753 2836 783 2893 in
802 2835 858 2894 tuis
876 2835 1010 2893 maximis
1029 2839 1104 2896 curis

92 2930 95 2936 ’
168 2934 274 3012 aliquid
288 2934 433 3009 impertias
447 2934 587 3009 temporis
601 2932 667 2992 huic
681 2950 798 3008 quoque
813 2932 988 3007 cogitationi,
1003 2941 1034 2990 ut
1053 2943 1105 2990 tuo

166 3036 309 3098 beneficio
326 3036 423 3093 bonus
442 3035 491 3104 vir,
506 3045 613 3110 gratus
627 3034 692 3110 pius
712 3033 837 3109 denique
858 3050 922 3090 esse
940 3032 971 3089 in
985 3033 1105 3090 maximi

167 3135 300 3199 beneficii
318 3133 457 3191 memoria
475 3133 603 3208 possim;
624 3151 698 3208 quae
718 3132 742 3190 si
758 3140 868 3189 tantum
886 3130 923 3189 ad
941 3148 989 3188 me
1008 3132 1105 3206 ipsum

168 3236 350 3315 pertinerent,
360 3249 506 3306 sperarem
520 3249 567 3288 me
581 3249 599 3288 a
612 3238 641 3288 te
654 3239 752 3288 tamen
766 3229 992 3305 impetraturum,
1005 3228 1064 3298 sed,
1074 3238 1106 3287 ut

168 3336 297 3401 arbitror,
310 3340 338 3389 et
358 3329 396 3387 ad
416 3339 495 3386 tuam
512 3328 599 3386 fidem
619 3337 647 3386 et
667 3326 705 3385 ad
725 3345 787 3384 rem
808 3327 953 3403 publicam
974 3327 1105 3402 pertinet,

169 3447 218 3488 me
245 3445 281 3486 ex
313 3424 412 3502 paucis
440 3433 469 3482 et
495 3424 536 3480 ad
559 3422 706 3499 utriusque
731 3431 857 3480 vestrum
882 3429 911 3479 et
939 3420 976 3479 ad
1000 3420 1105 3479 civium
