2348 3788
115 216 160 278 sp.
177 197 289 281 ame]
314 207 431 258 artur.
453 206 504 255 nn
524 203 747 255 mmmmm
766 205 831 254 vrr.
854 209 886 277 3.
997 189 1057 274 189
1106 242 1109 247 .

113 363 160 420 cio
175 379 213 417 an
231 359 357 435 primum
377 365 477 433 putes:
500 356 597 432 plures
616 355 674 413 iam
692 371 821 429 pavones
840 351 953 413 confeci
968 371 1057 429 quarn

114 471 145 516 tu
160 457 253 533 pullos
268 455 457 513 columbinos.
487 451 537 510 Tu
550 452 613 509 istic
627 461 654 509 te
670 450 830 509 Hateriano
844 451 903 510 iure
914 450 1056 522 delectas3

113 572 171 631 ego
186 572 233 611 me
248 553 295 610 hic
310 551 456 610 Hirtiano.
497 548 573 607 Veni
588 548 681 624 igitur,
696 548 720 607 si
733 549 775 605 vir
789 565 829 620 es,
843 559 872 607 et
886 549 964 608 disce
978 567 996 607 a
1009 567 1057 607 me

113 653 312 726 προλεγομένας,
328 668 401 726 quas
420 649 550 726 quaeris:
572 648 625 705 etsi
644 665 694 706 sus
713 646 883 707 Minervam.
927 646 985 705 Sed
999 665 1059 724 quo

114 750 217 819 modo,
246 748 353 806 videro.
399 764 427 819 4.
453 744 484 804 Si
512 744 727 802 aestimationes
754 754 820 802 tuas
846 745 970 802 vendere
998 762 1060 802 non
1099 796 1102 801 .

117 856 201 923 potes
217 863 312 920 neque
327 844 415 902 ollam
430 842 615 901 denariorum
628 841 756 916 implere,
768 840 896 899 Romam
911 842 962 900 tibi
976 844 1060 900 remi-

116 943 262 1019 grandum
284 951 346 1000 est:
371 941 460 998 satius
481 950 525 998 est
545 939 592 997 hic
613 939 750 996 cruditate
775 956 864 1013 quarn
888 940 951 997 istic
975 939 1061 998 farne.

119 1040 215 1100 Video
238 1050 266 1098 te
292 1040 371 1096 bona
394 1037 569 1114 perdidisse;
599 1054 684 1112 spero
709 1036 787 1106 idern
811 1037 884 1095 istuc
907 1037 1062 1096 familiares

119 1150 192 1196 tuos
236 1137 344 1194 Actum
359 1136 444 1212 igitur
459 1135 495 1192 de
509 1144 537 1193 te
552 1143 604 1205 est,
619 1134 674 1192 nisi
688 1135 830 1210 provides.
873 1133 961 1193 Potes
981 1135 1061 1192 mulo

117 1238 185 1306 isto,
203 1252 290 1309 quem
312 1235 363 1292 tibi
382 1233 524 1310 reliquum
545 1232 616 1291 dicis
635 1250 707 1304 esse,
723 1233 863 1308 quoniam
882 1231 1061 1290 cantherium

118 1333 279 1402 comedisti,
294 1332 423 1390 Romam
438 1331 562 1408 pervehi.
607 1330 682 1389 Sella
703 1331 753 1389 tibi
775 1331 827 1388 erit
847 1331 877 1388 in
898 1329 968 1388 ludo
988 1340 1061 1388 tarn·

120 1447 209 1506 quam
223 1427 449 1504 hypodidascalo
464 1429 597 1504 proxima
604 1447 614 1500 ;
635 1446 700 1486 earn
715 1428 849 1504 pulvinus
864 1439 1008 1504 sequetur.

311 1589 356 1645 ee.
400 1582 874 1662 ADFAM1LIARESVH.3.

260 1698 327 1761 Sca.
349 1697 457 1760 Roum
479 1719 572 1759 urrisu
594 1697 734 1772 Qunvrrnr
755 1721 836 1761 auc.
861 1703 928 1776 708.

381 1825 413 1866 u.
434 1824 536 1866 cremo
555 1824 578 1866 s.
599 1825 626 1865 u.
648 1826 679 1866 u.
701 1825 801 1867 uarro.

168 1959 193 1999 r.
214 1939 365 1998 Pansam
385 1937 456 1994 mihi
478 1937 616 2012 cogitanti
640 1937 677 1996 de
702 1939 907 1996 communibus
934 1937 1064 2008 miseriis,

124 2041 154 2098 in
179 2039 282 2114 quibus
306 2046 349 2095 tot
372 2053 466 2094 annos
487 2053 634 2092 versamur
653 2045 692 2106 et,
711 2046 743 2092 ut
768 2037 860 2107 video,
882 2036 1067 2104 versabimur,
1145 2077 1149 2085 .

126 2137 196 2195 solet
228 2136 258 2192 in
290 2143 419 2191 mentem
447 2133 544 2190 venire
572 2132 646 2190 illius
672 2134 819 2208 temporis,
847 2151 906 2209 quo
935 2133 1067 2212 proxime

126 2234 231 2291 fuimus
256 2250 330 2302 una;
362 2231 433 2306 quin
457 2231 544 2288 etiarn
571 2231 669 2306 ipsum
691 2231 768 2288 diem
795 2232 936 2290 memoria
963 2241 1068 2290 teneo:

127 2349 194 2388 nam
216 2330 348 2387 adm.
370 2329 440 2386 Idus
462 2327 564 2397 Maias,
586 2327 712 2386 Lentulo
732 2339 762 2388 et
782 2328 922 2387 Marcello
943 2330 1069 2388 consuli·

127 2432 190 2495 bus,
219 2445 287 2486 cum
320 2429 349 2485 in
380 2425 591 2501 Pompeianum
619 2427 729 2502 vesperi
756 2428 908 2497 venissem,
937 2437 968 2486 tu
998 2428 1068 2487 mihi

128 2526 250 2586 sollicito
270 2525 369 2582 animo
390 2535 506 2600 praesto
525 2524 618 2596 fuisti;
640 2525 793 2583 sollicitum
814 2536 911 2584 autem
929 2536 959 2584 te
978 2526 1069 2584 habe·

128 2626 178 2682 bat
205 2623 341 2698 cogitatio
369 2639 436 2679 curn
464 2622 560 2690 officii,
585 2633 647 2680 tum
675 2624 762 2682 etiam
789 2624 907 2700 periculi
934 2625 1009 2683 mei:
1045 2625 1070 2684 si

129 2738 276 2780 manerem
296 2721 326 2778 in
345 2715 435 2788 Italia,
450 2721 584 2778 verebare
605 2737 643 2778 ne
663 2721 760 2780 officio
779 2721 927 2794 deessem3
958 2723 982 2781 si
1003 2741 1070 2799 pro⁴

129 2820 272 2877 ficiscerer
296 2818 335 2875 ad
358 2818 475 2888 bellum,
500 2818 659 2893 periculum
683 2829 710 2876 te
734 2837 832 2877 meum
857 2823 1070 2880 commovebat.

130 2917 201 2988 Quo
228 2925 359 2991 tempore
387 2916 481 2974 vidisti
509 2916 641 2991 profecto
667 2935 715 2975 me
742 2935 860 2994 quoque
887 2919 927 2977 ita
955 2930 1072 2978 concur·

130 3015 240 3085 batum,
264 3023 296 3072 ut
320 3032 381 3072 non
405 3013 588 3089 explicarem,
610 3014 680 3090 quid
704 3024 780 3073 esset
803 3017 947 3092 optimum
974 3016 1051 3076 factu
1062 3034 1072 3092 ς

131 3113 236 3189 pudori
252 3120 351 3169 tarnen
367 3111 456 3170 malui
473 3112 627 3188 famaeque
643 3112 744 3172 cedere
761 3132 850 3190 quam
871 3114 968 3174 salutis
989 3131 1073 3175 meae

133 3212 274 3268 rationem
300 3209 413 3268 ducere.
458 3227 484 3268 a.
506 3208 597 3269 Cuius
618 3227 665 3268 me
686 3212 745 3269 mei
765 3211 832 3270 facti
852 3213 993 3288 paenituit
1012 3232 1073 3272 non

133 3319 193 3367 tam
212 3317 328 3383 propter
346 3306 505 3383 periculum
525 3326 623 3366 meum
642 3326 731 3384 quam
750 3319 868 3386 propter
888 3311 954 3368 vitia
974 3311 1073 3382 multa,

105 3477 107 3482 Ι
133 3425 208 3483 quae
229 3406 269 3463 ibi
289 3404 407 3477 offendi,
429 3422 487 3484 quo
508 3424 659 3468 veneram:
689 3408 814 3483 primum
834 3426 929 3486 neque
951 3427 1074 3488 magnae
