2348 3788
80 226 126 291 cp.
143 213 199 298 qa]
276 224 389 276 EPIST.
410 224 460 274 An
480 225 702 276 murmanus
722 228 760 276 rr.
786 213 833 277 16.
959 214 1020 300 165

80 386 151 434 nota
172 385 256 448 sunt;
278 377 309 434 in
328 376 374 435 his
394 376 465 434 mihi
484 395 604 436 necesse
625 387 669 436 est
689 395 763 450 esse,
778 396 815 436 ne
837 377 937 438 amicis
957 396 1019 437 mo-

79 474 170 532 lestus
198 475 261 531 sim.
303 473 394 546 Quod
415 482 523 532 *autem
551 475 581 532 in
609 476 759 535 maritimis
786 475 919 534 facillime
948 495 1019 548 sum,

80 589 187 651 moveo
208 589 270 630 non
290 572 375 630 nullis
396 572 588 647 suspitionem
609 572 681 630 velle
702 591 750 631 me
770 573 920 649 navigare;
942 572 1021 648 quod

81 678 180 726 tamen
194 668 315 727 fortasse
329 685 391 726 non
405 669 521 740 nollem,
538 670 562 728 si
581 687 699 745 possem
716 670 754 727 ad
773 670 881 728 otium:
902 688 970 727 narn
984 670 1021 728 ad

81 765 189 823 bellum
204 766 320 840 quidem
335 767 384 842 qui
403 767 559 824 convenit?
581 767 749 842 praesertim
768 775 868 825 contra
885 768 1022 837 eumeni

83 880 169 938 spero
191 881 239 920 me
262 864 465 934 satisfecisse,
490 865 527 922 ab
550 881 596 934 eo,
620 865 666 922 cui
687 865 745 922 iam
768 865 920 924 satisfieri
943 865 1022 923 nullo

83 962 175 1020 modo
197 971 300 1037 potest
344 981 371 1037 3.
393 960 507 1020 Deinde
528 962 701 1019 sententiam
721 979 818 1019 meam
838 971 869 1020 tu
889 962 1023 1021 facillime

83 1059 248 1135 perspicere
262 1061 379 1134 potuisti
394 1061 451 1117 iam
465 1059 566 1117 abillo
580 1069 721 1135 tempore,
732 1078 799 1117 cum
813 1060 843 1117 in
858 1059 1023 1119 Cumanum

83 1157 155 1214 mihi
179 1158 293 1215 obviam
314 1158 432 1216 venisti:
456 1175 517 1215 non
541 1156 618 1214 enim
641 1166 669 1214 te
694 1156 782 1214 celavi
807 1175 971 1215 sermonem
985 1157 1023 1217 T.

84 1254 200 1329 Ampii3
225 1254 325 1325 vidisti,
349 1272 437 1330 quam
463 1254 648 1312 abhorrerem
674 1255 711 1311 ab
731 1255 803 1312 urbe
826 1255 1023 1332 relinquenda,

85 1371 152 1410 cum
168 1352 322 1410 audissem.
366 1351 473 1409 Nonne
488 1351 540 1408 tibi
559 1352 706 1409 adfirmavi
728 1352 841 1427 quidvis
860 1370 907 1409 me
927 1353 1024 1436 potius

85 1466 289 1526 perpessurum
311 1467 397 1525 quam
418 1468 455 1506 ex
470 1449 552 1506 Italia
573 1447 611 1508 ad
631 1450 738 1506 bellum
761 1449 841 1507 civile
860 1449 1024 1507 exiturum?

87 1547 168 1618 Quid
182 1564 252 1622 ergo
266 1547 378 1617 accidit,
394 1565 445 1604 cur
459 1547 611 1604 consilium
628 1547 792 1605 mutarem?
813 1565 912 1604 nonne
926 1548 1026 1604 omnia

86 1647 192 1722 potius,
213 1654 244 1702 ut
265 1645 295 1702 in
316 1646 458 1703 sententia
479 1647 702 1720 permanerem?
744 1644 853 1704 Credas
873 1645 930 1704 hoc
955 1646 1025 1703 mihi

87 1746 180 1814 velim,
200 1745 280 1820 quod
301 1754 372 1820 puto
392 1755 420 1802 te
441 1744 613 1814 existimare,
628 1761 676 1801 me
697 1762 733 1801 ex
750 1743 795 1802 his
815 1745 935 1803 miseriis
957 1745 1026 1802 nibil

88 1843 164 1902 aliud
182 1860 319 1918 quaerere
338 1841 393 1898 nisi
412 1851 444 1898 ut
463 1840 596 1898 homines
617 1840 772 1915 aliquando
792 1841 958 1916 intellegant
978 1861 1026 1901 me

88 1941 160 1999 nihil
184 1939 319 1997 maluisse
342 1956 430 2014 quarn
451 1955 563 2012 pacem,
583 1955 618 1995 ea
639 1937 790 2012 desperata
810 1937 880 1995 nihil
901 1951 960 1996 tam
981 1941 1025 1997 fu·

89 2041 166 2115 gisse
180 2056 268 2114 quam
283 2053 364 2094 arma
382 2035 491 2094 civilia:
516 2035 599 2093 huius
616 2052 665 2093 me
684 2036 862 2093 constantiae
880 2047 951 2111 puto
965 2037 1027 2096 lore

89 2148 121 2196 ut
141 2153 302 2210 numquam
323 2133 477 2209 paeniteat.
517 2131 633 2190 Etenim
654 2134 772 2191 memini
793 2134 823 2191 in
844 2134 900 2192 hoc
921 2153 1027 2209 genere

89 2235 204 2310 gloriari
221 2233 336 2290 solitum
354 2249 417 2288 esse
437 2229 605 2287 familiarem
624 2239 756 2288 nostrum
775 2228 813 2302 Q.
828 2230 1027 2303 Hortensium,

90 2332 170 2409 quod
192 2347 351 2405 numquam
372 2329 449 2386 bello
471 2328 543 2386 civili
564 2327 753 2386 interfuisset:
775 2328 832 2386 hoc
851 2340 948 2387 nostra
965 2330 1028 2388 laus

90 2433 142 2490 erit
159 2429 300 2497 illustrior,
315 2427 396 2503 quod
414 2426 453 2483 illi
474 2427 651 2484 tribuebatur
669 2426 800 2500 ignaviae
810 2446 818 2498 ;
841 2428 877 2485 de
894 2429 979 2486 nobis
998 2429 1028 2486 id

90 2527 245 2587 existimari
265 2543 352 2602 posse
372 2542 433 2583 non
454 2524 582 2582 arbitror.
625 2541 652 2595 4.
675 2523 739 2582 Nec
759 2542 807 2582 me
831 2525 886 2582 ista
910 2536 1026 2594 terrent,

91 2645 166 2703 quae
185 2624 254 2682 mihi
273 2642 291 2682 a
312 2634 340 2681 te
361 2623 399 2681 ad
419 2623 552 2680 timorem
567 2621 705 2679 fidissime
725 2631 811 2698 atque
832 2625 1028 2681 amantissime

90 2733 308 2802 proponuntur,
330 2720 408 2778 nulla
426 2729 469 2778 est
490 2720 568 2777 enim
587 2719 735 2788 acerbitas,
757 2737 831 2794 quae
852 2737 912 2777 non
934 2722 1028 2778 omni-

90 2825 145 2880 bus
159 2821 214 2880 hac
229 2820 307 2877 orbis
327 2828 465 2876 terrarum
482 2817 696 2892 perturbatione
710 2817 878 2892 impendere
893 2818 1028 2888 videatur,

91 2937 179 2996 quam
194 2917 311 2992 quidem
326 2933 383 2990 ego
397 2933 415 2972 a
428 2933 458 2972 re
472 2914 588 2990 publica
601 2913 674 2970 meis
688 2914 804 2989 privatis
822 2924 850 2972 et
863 2915 1028 2974 domesticis

91 3015 286 3076 incommodis
301 3013 487 3071 libentissime
501 3010 546 3069 vel
560 3011 622 3068 istis
636 3011 715 3086 ipsis,
730 3023 804 3087 quae
819 3021 849 3069 tu
863 3030 911 3070 me
925 3030 1028 3070 mones

91 3126 125 3175 ut
145 3131 271 3182 caveam,
286 3112 482 3169 redemissem.
525 3123 552 3182 5.
574 3109 647 3167 Filio
666 3127 742 3179 meo,
757 3127 844 3185 quem
865 3111 914 3166 tibi
932 3097 1052 3167 camm'

92 3231 157 3272 esse
176 3211 299 3288 gaudeo,
315 3209 338 3266 si
359 3209 410 3266 erit
429 3207 487 3265 ulla
506 3224 551 3264 res
570 3206 694 3282 publica,
709 3208 777 3264 satis
796 3206 924 3280 amplum
944 3206 1029 3280 patri-

92 3310 225 3368 monium
249 3308 409 3381 relinquam
434 3305 605 3363 memoriam
629 3304 755 3362 nominis
782 3303 856 3374 mei;
886 3303 910 3360 si
935 3312 1030 3360 autem

93 3406 172 3466 nulla
199 3406 260 3477 erit,
285 3403 355 3462 nihil
379 3403 490 3462 accidet
513 3403 539 3461 ei
564 3402 715 3480 separatim
737 3419 754 3460 a
777 3400 892 3477 reliquis
914 3401 1029 3462 civibus.
