2356 3810
115 241 159 302 ap.
177 225 231 310 aa]
328 236 440 287 aaran
464 237 513 285 AD
535 236 701 286 arricum
720 237 769 284 ιν.
796 234 845 305 15.
1019 235 1058 302 73

114 388 187 446 nihil
206 398 265 447 tam
281 431 288 446 .
303 431 311 446 .
328 406 450 447 .vemm
468 387 541 446 haec
561 397 593 444 tu
613 396 710 445 tecum
727 385 844 443 habeto.
886 381 922 441 In
943 381 1059 441 Andro·

114 485 221 544 macha
234 496 334 544 tamen
348 486 441 544 maior
455 484 507 543 fuit
522 502 610 561 quarn
624 484 782 558 Astyanax,
798 482 828 538 in
843 481 944 539 ceteris
959 498 1060 556 parem

114 585 216 642 habuit
243 585 400 642 neminem.
449 583 573 656 Quaeris
601 600 680 640 nunc
708 581 745 639 de
769 579 947 639 Arbuscula:
978 578 1059 636 valde

115 684 231 759 placuit.
278 682 354 741 Ludi
378 681 526 757 magnifici
550 690 578 738 et
602 681 684 755 grati.
731 690 759 753 7.
779 677 905 737 Venatio
929 677 959 734 in
982 676 1059 735 aliud

114 791 232 856 tempus
259 780 355 839 dilata.
406 778 533 855 Sequere
557 795 636 835 nunc
663 795 712 836 rue
736 777 767 835 in
794 793 947 851 campum:
980 775 1061 832 ardet

115 880 259 949 ambitus3
290 883 360 949 σῆμα
381 879 411 933 δέ
436 901 476 932 τοι
503 877 573 950 ἐρέω.
630 875 745 933 Faenus
772 893 808 932 ex
831 874 934 931 triente
959 873 1059 931 Idibus

116 978 311 1050 Quinctilibus
331 975 440 1034 factum
457 986 518 1033 erat
537 975 677 1032 bessibus.
720 973 809 1030 Dices
831 972 922 1030 ‘istuc
941 972 1060 1047 quidem

116 1093 179 1133 non
202 1074 324 1132 moleste
348 1072 427 1132 sero!
479 1071 639 1131 Oviruml
671 1069 834 1130 Ociveml
885 1069 1061 1126 Memmium

116 1173 251 1231 Caesaris
278 1189 382 1229 omnes
410 1187 483 1246 opes
511 1169 701 1240 confirmant3
737 1185 805 1226 cum
833 1185 870 1225 eo
898 1167 1061 1225 Domitium

115 1269 253 1329 consules
274 1269 438 1338 iunxerunt,
463 1285 521 1342 qua
544 1268 687 1342 pactione,
712 1265 851 1341 epistolae
880 1265 1061 1323 committere

116 1385 180 1426 non
202 1367 304 1426 audeo
345 1368 503 1444 Pompeius
525 1367 626 1437 fremit,
652 1367 787 1443 queritur,
815 1365 924 1424 Scauro
949 1365 1061 1434 studet;

118 1465 172 1524 sed
196 1475 293 1533 utrum
316 1464 411 1524 fronte
433 1485 472 1523 an
492 1477 598 1537 mente,
620 1465 773 1524 dubitatur.
814 1466 910 1537 Ἐξοχὴ
931 1463 961 1521 in
983 1463 1063 1520 nullo

119 1575 183 1638 est;
216 1565 340 1640 pecunia
367 1566 499 1623 omnium
527 1565 696 1640 dignitatem
724 1573 875 1639 exaequat.
926 1561 1064 1620 Messalla

118 1664 246 1738 languet,
261 1680 322 1720 non
341 1680 401 1738 quo
421 1673 470 1720 aut
491 1663 606 1720 animus
628 1662 701 1720 desit
722 1671 772 1719 aut
790 1662 884 1731 amici,
904 1661 955 1718 sed
975 1661 1063 1718 coitio

119 1761 274 1818 consulum
288 1767 315 1818 et
327 1760 484 1835 Pompeius
504 1761 619 1818 obsunt.
660 1759 704 1818 Ea
724 1759 841 1817 comitia
861 1769 932 1834 puto
951 1757 1013 1816 sore
1032 1768 1064 1814 ut

120 1859 272 1916 ducantur.
322 1857 482 1915 Tribunicii
524 1856 668 1914 candidati
707 1857 835 1915 iurarunt
876 1873 908 1914 se
949 1855 1064 1913 arbitrio
1137 1887 1139 1890 >

121 1957 243 2015 Catonis
264 1956 422 2031 petituros:
443 1954 522 2030 apud
543 1972 610 2011 eum
625 1953 687 2011 HS.
703 1954 851 2030 quingena
868 1953 1065 2028 deposuerunt

120 2066 161 2123 ut,
177 2053 226 2128 qui
241 2071 259 2110 a
273 2052 385 2110 Catone
400 2052 554 2109 damnatus
576 2062 661 2119 esset,
676 2051 705 2108 id
721 2051 852 2125 perderet
874 2058 902 2107 et
924 2046 1064 2124 competi-

120 2153 232 2210 toribus
246 2152 424 2210 tribueretur.
468 2153 493 2207 8.
517 2149 601 2207 Haec
616 2167 672 2224 ego
688 2150 778 2225 pridie
794 2149 964 2218 scribebam,
977 2165 1064 2223 quam

121 2251 241 2308 comitia
261 2247 323 2305 fore
344 2249 537 2323 putabantur;
559 2246 612 2304 sed
636 2246 673 2304 ad
694 2258 729 2316 te,
753 2247 855 2321 quinto
878 2245 944 2302 Kal.
968 2245 1063 2303 Sextil.

119 2350 146 2408 si
174 2347 250 2405 facta
282 2355 365 2404 erunt
392 2357 420 2402 et
446 2345 611 2429 ,tabellarius
645 2362 706 2402 non
741 2345 793 2402 erit
822 2343 978 2420 profectus
1006 2355 1066 2402 tota

120 2447 239 2505 comitia
260 2444 446 2520 perscribam,
461 2461 536 2518 quae
557 2443 588 2511 si,
604 2452 636 2500 ut
652 2452 797 2518 putantur,
811 2443 935 2518 gratuita
951 2441 1064 2511 suerint,

121 2545 188 2621 plus
215 2560 291 2599 unus
319 2539 393 2598 Cato
422 2541 546 2615 potuerit
575 2559 663 2617 quam
690 2559 779 2597 omnes
806 2542 876 2617 leges
905 2557 1065 2615 omnesque

121 2642 240 2700 iudices.
283 2657 310 2714 9.
340 2637 467 2696 Messius
489 2637 697 2696 defendebatur
717 2657 735 2696 a
756 2639 842 2696 nobis
863 2638 899 2695 de
920 2637 1065 2713 legatione

121 2747 292 2808 revocatus;
322 2754 391 2792 nam
413 2753 480 2792 eum
502 2733 620 2792 Caesari
641 2736 749 2810 legarat
766 2736 889 2809 Appius.
934 2735 1067 2802 Servilius

122 2834 212 2893 edixit
240 2843 272 2890 ut
298 2833 418 2890 adesset
462 2832 570 2890 Tribus
594 2832 681 2890 habet
706 2832 900 2907 Pomptinam,
920 2831 1065 2902 Velinam,

123 2931 278 2990 Maeciam.
314 2929 462 3005 Pugnatur
476 2930 595 3000 acriter;
617 2931 710 3004 agitur
724 2939 820 2988 tamen
835 2931 919 2988 satis·
952 2930 1067 2988 Deinde

123 3049 173 3089 me
202 3028 327 3103 expedio
355 3029 393 3086 ad
417 3027 555 3097 Drusum,
581 3027 649 3084 inde
678 3029 716 3086 ad
743 3027 902 3085 Scaurum:
931 3037 1068 3102 parantur

123 3127 303 3185 orationibus
327 3126 440 3190 ‚indices
467 3125 594 3200 gloriosi.
650 3125 785 3183 Fortasse
813 3126 953 3183 accedent
980 3125 1067 3182 etiarn

124 3224 261 3282 consules
285 3223 435 3298 designati,
458 3223 488 3278 in
512 3223 616 3298 quibus
640 3223 663 3280 si
690 3222 814 3282 Scaurus
839 3241 900 3280 non
924 3222 1068 3292 fueritin

123 3323 183 3379 hoc
211 3321 317 3378 iudicio
339 3320 421 3377 valde
449 3319 597 3378 laborabit.
652 3338 697 3377 10.
720 3320 765 3377 Ex
789 3319 826 3391 Q.
851 3319 943 3377 fratris
971 3319 1069 3378 litteris
1140 3335 1141 3340 ’

126 3419 259 3495 suspicor
283 3418 341 3474 iam
365 3434 432 3474 eum
457 3434 521 3475 esse
545 3417 575 3474 in
600 3416 769 3476 Britannia:
803 3434 945 3493 suspenso
972 3417 1069 3475 animo
