<?xml version="1.0" encoding="UTF-8"?>
<!DOCTYPE html PUBLIC "-//W3C//DTD XHTML 1.0 Transitional//EN"
    "http://www.w3.org/TR/xhtml1/DTD/xhtml1-transitional.dtd">
<html xmlns="http://www.w3.org/1999/xhtml" xml:lang="en" lang="en">
 <head>
  <title>
</title>
<meta http-equiv="Content-Type" content="text/html;charset=utf-8" />
  <meta name='ocr-system' content='tesseract 3.04.00' />
  <meta name='ocr-capabilities' content='ocr_page ocr_carea ocr_par ocr_line ocrx_word'/>
</head>
<body>
  <div class='ocr_page' id='page_1' title='image "./epistolaeselect01cicegoog/epistolaeselect01cicegoog_0091.png"; bbox 0 0 2356 3810; ppageno 0'>
   <div class='ocr_carea' id='block_1_1' title="bbox 86 199 1034 288">
    <p class='ocr_par' dir='ltr' id='par_1_1' title="bbox 86 199 1034 288">
     <span class='ocr_line' id='line_1_1' title="bbox 86 199 1034 288; baseline 0.002 -25"><span class='ocrx_word' id='word_1_1' title='bbox 86 213 132 277; x_wconf 77' lang='lat' dir='ltr'>up.</span> <span class='ocrx_word' id='word_1_2' title='bbox 146 199 203 286; x_wconf 84' lang='lat'>29.]</span> <span class='ocrx_word' id='word_1_3' title='bbox 298 213 410 265; x_wconf 69' lang='lat' dir='ltr'>uersu.</span> <span class='ocrx_word' id='word_1_4' title='bbox 432 213 482 263; x_wconf 79' lang='lat' dir='ltr'>Ab</span> <span class='ocrx_word' id='word_1_5' title='bbox 502 213 726 264; x_wconf 75' lang='lat' dir='ltr'><em>FAMILIARES</em></span> <span class='ocrx_word' id='word_1_6' title='bbox 747 217 772 266; x_wconf 90' lang='lat' dir='ltr'>r.</span> <span class='ocrx_word' id='word_1_7' title='bbox 795 222 825 288; x_wconf 90' lang='lat'>9.</span> <span class='ocrx_word' id='word_1_8' title='bbox 993 215 1034 287; x_wconf 88' lang='lat'>75</span> 
     </span>
    </p>
   </div>
   <div class='ocr_carea' id='block_1_2' title="bbox 87 350 1039 3479">
    <p class='ocr_par' dir='ltr' id='par_1_2' title="bbox 87 350 1039 3479">
     <span class='ocr_line' id='line_1_2' title="bbox 87 350 1036 442; baseline 0.002 -22"><span class='ocrx_word' id='word_1_9' title='bbox 87 361 275 435; x_wconf 88' lang='lat' dir='ltr'>ulciscendis,</span> <span class='ocrx_word' id='word_1_10' title='bbox 304 381 379 440; x_wconf 91' lang='lat' dir='ltr'>quos</span> <span class='ocrx_word' id='word_1_11' title='bbox 413 350 464 423; x_wconf 89' lang='lat' dir='ltr'>tibi</span> <span class='ocrx_word' id='word_1_12' title='bbox 497 365 601 440; x_wconf 87' lang='lat' dir='ltr'>partim</span> <span class='ocrx_word' id='word_1_13' title='bbox 631 364 765 424; x_wconf 90' lang='lat' dir='ltr'>inimicos</span> <span class='ocrx_word' id='word_1_14' title='bbox 798 383 862 424; x_wconf 91' lang='lat' dir='ltr'>esse</span> <span class='ocrx_word' id='word_1_15' title='bbox 894 363 1036 442; x_wconf 83' lang='lat' dir='ltr'><strong>intellegis</strong></span> 
     </span>
     <span class='ocr_line' id='line_1_3' title="bbox 89 463 1036 542; baseline 0.004 -25"><span class='ocrx_word' id='word_1_16' title='bbox 89 469 211 537; x_wconf 91' lang='lat' dir='ltr'>propter</span> <span class='ocrx_word' id='word_1_17' title='bbox 235 470 316 518; x_wconf 87' lang='lat' dir='ltr'>tuam</span> <span class='ocrx_word' id='word_1_18' title='bbox 338 463 603 537; x_wconf 80' lang='lat' dir='ltr'>propugnationem</span> <span class='ocrx_word' id='word_1_19' title='bbox 625 463 722 522; x_wconf 91' lang='lat' dir='ltr'>salutis</span> <span class='ocrx_word' id='word_1_20' title='bbox 746 481 840 535; x_wconf 89' lang='lat' dir='ltr'>meae,</span> <span class='ocrx_word' id='word_1_21' title='bbox 862 463 966 542; x_wconf 91' lang='lat' dir='ltr'>partim</span> <span class='ocrx_word' id='word_1_22' title='bbox 990 463 1036 521; x_wconf 90' lang='lat' dir='ltr'>in·</span> 
     </span>
     <span class='ocr_line' id='line_1_4' title="bbox 88 557 1034 637; baseline 0.004 -23"><span class='ocrx_word' id='word_1_23' title='bbox 88 557 188 616; x_wconf 88' lang='lat' dir='ltr'>videre</span> <span class='ocrx_word' id='word_1_24' title='bbox 215 567 336 634; x_wconf 90' lang='lat' dir='ltr'>propter</span> <span class='ocrx_word' id='word_1_25' title='bbox 357 559 430 618; x_wconf 86' lang='lat' dir='ltr'>illius</span> <span class='ocrx_word' id='word_1_26' title='bbox 459 560 581 618; x_wconf 87' lang='lat' dir='ltr'>actionis</span> <span class='ocrx_word' id='word_1_27' title='bbox 608 561 827 637; x_wconf 87' lang='lat' dir='ltr'>amplitudinem</span> <span class='ocrx_word' id='word_1_28' title='bbox 853 571 882 620; x_wconf 94' lang='lat' dir='ltr'>et</span> <span class='ocrx_word' id='word_1_29' title='bbox 906 561 1034 637; x_wconf 83' lang='lat' dir='ltr'>gloriam,</span> 
     </span>
     <span class='ocr_line' id='line_1_5' title="bbox 89 657 1036 737; baseline 0.001 -21"><span class='ocrx_word' id='word_1_30' title='bbox 89 657 244 716; x_wconf 88' lang='lat' dir='ltr'>mirificum</span> <span class='ocrx_word' id='word_1_31' title='bbox 265 675 312 716; x_wconf 92' lang='lat' dir='ltr'>me</span> <span class='ocrx_word' id='word_1_32' title='bbox 333 658 385 716; x_wconf 92' lang='lat' dir='ltr'>tibi</span> <span class='ocrx_word' id='word_1_33' title='bbox 402 659 540 717; x_wconf 90' lang='lat' dir='ltr'>comitem</span> <span class='ocrx_word' id='word_1_34' title='bbox 561 659 776 736; x_wconf 86' lang='lat' dir='ltr'>praebuissem:</span> <span class='ocrx_word' id='word_1_35' title='bbox 797 678 975 737; x_wconf 89' lang='lat' dir='ltr'>quamquam</span> <span class='ocrx_word' id='word_1_36' title='bbox 989 659 1036 718; x_wconf 92' lang='lat' dir='ltr'>ille</span> 
     </span>
     <span class='ocr_line' id='line_1_6' title="bbox 90 755 1036 834; baseline 0.003 -21"><span class='ocrx_word' id='word_1_37' title='bbox 90 756 227 832; x_wconf 88' lang='lat' dir='ltr'>perennis</span> <span class='ocrx_word' id='word_1_38' title='bbox 252 755 386 814; x_wconf 88' lang='lat' dir='ltr'>inimicus</span> <span class='ocrx_word' id='word_1_39' title='bbox 413 757 574 815; x_wconf 91' lang='lat' dir='ltr'>amicorum</span> <span class='ocrx_word' id='word_1_40' title='bbox 595 774 724 828; x_wconf 89' lang='lat' dir='ltr'>suorum,</span> <span class='ocrx_word' id='word_1_41' title='bbox 746 758 796 834; x_wconf 90' lang='lat' dir='ltr'>qui</span> <span class='ocrx_word' id='word_1_42' title='bbox 823 758 880 816; x_wconf 90' lang='lat' dir='ltr'>tuis</span> <span class='ocrx_word' id='word_1_43' title='bbox 899 757 1036 816; x_wconf 87' lang='lat' dir='ltr'>maximis</span> 
     </span>
     <span class='ocr_line' id='line_1_7' title="bbox 89 853 1036 931; baseline 0.001 -19"><span class='ocrx_word' id='word_1_44' title='bbox 89 853 239 912; x_wconf 86' lang='lat' dir='ltr'>beneficiis</span> <span class='ocrx_word' id='word_1_45' title='bbox 254 865 372 912; x_wconf 90' lang='lat' dir='ltr'>omatus</span> <span class='ocrx_word' id='word_1_46' title='bbox 386 854 416 912; x_wconf 94' lang='lat' dir='ltr'>in</span> <span class='ocrx_word' id='word_1_47' title='bbox 431 865 459 912; x_wconf 92' lang='lat' dir='ltr'>te</span> <span class='ocrx_word' id='word_1_48' title='bbox 470 855 653 931; x_wconf 88' lang='lat' dir='ltr'>potissimum</span> <span class='ocrx_word' id='word_1_49' title='bbox 668 855 788 915; x_wconf 89' lang='lat' dir='ltr'>fractam</span> <span class='ocrx_word' id='word_1_50' title='bbox 803 856 881 915; x_wconf 90' lang='lat' dir='ltr'>illam</span> <span class='ocrx_word' id='word_1_51' title='bbox 895 865 924 915; x_wconf 92' lang='lat' dir='ltr'>et</span> <span class='ocrx_word' id='word_1_52' title='bbox 938 856 1036 916; x_wconf 91' lang='lat' dir='ltr'>debili·</span> 
     </span>
     <span class='ocr_line' id='line_1_8' title="bbox 90 950 1036 1032; baseline 0.003 -23"><span class='ocrx_word' id='word_1_53' title='bbox 90 959 182 1010; x_wconf 87' lang='lat' dir='ltr'>tatam</span> <span class='ocrx_word' id='word_1_54' title='bbox 205 950 263 1007; x_wconf 92' lang='lat' dir='ltr'>vim</span> <span class='ocrx_word' id='word_1_55' title='bbox 285 968 368 1008; x_wconf 91' lang='lat' dir='ltr'>suam</span> <span class='ocrx_word' id='word_1_56' title='bbox 392 952 519 1022; x_wconf 90' lang='lat' dir='ltr'>contulit,</span> <span class='ocrx_word' id='word_1_57' title='bbox 544 961 675 1010; x_wconf 89' lang='lat' dir='ltr'>nostram</span> <span class='ocrx_word' id='word_1_58' title='bbox 694 954 788 1012; x_wconf 89' lang='lat' dir='ltr'>vicem</span> <span class='ocrx_word' id='word_1_59' title='bbox 810 953 886 1012; x_wconf 91' lang='lat' dir='ltr'>ultus</span> <span class='ocrx_word' id='word_1_60' title='bbox 907 963 952 1014; x_wconf 90' lang='lat' dir='ltr'>est</span> <span class='ocrx_word' id='word_1_61' title='bbox 973 954 1036 1032; x_wconf 89' lang='lat' dir='ltr'>ipse</span> 
     </span>
     <span class='ocr_line' id='line_1_9' title="bbox 90 1049 1036 1127; baseline 0.002 -19"><span class='ocrx_word' id='word_1_62' title='bbox 90 1065 174 1120; x_wconf 84' lang='lat' dir='ltr'>sese3</span> <span class='ocrx_word' id='word_1_63' title='bbox 196 1066 231 1107; x_wconf 86' lang='lat' dir='ltr'>ea</span> <span class='ocrx_word' id='word_1_64' title='bbox 247 1058 291 1107; x_wconf 89' lang='lat' dir='ltr'>est</span> <span class='ocrx_word' id='word_1_65' title='bbox 311 1049 390 1108; x_wconf 89' lang='lat' dir='ltr'>enim</span> <span class='ocrx_word' id='word_1_66' title='bbox 409 1060 539 1120; x_wconf 87' lang='lat' dir='ltr'>conatus,</span> <span class='ocrx_word' id='word_1_67' title='bbox 554 1051 659 1126; x_wconf 89' lang='lat' dir='ltr'>quibus</span> <span class='ocrx_word' id='word_1_68' title='bbox 680 1050 831 1127; x_wconf 83' lang='lat' dir='ltr'>patefactis</span> <span class='ocrx_word' id='word_1_69' title='bbox 852 1050 962 1109; x_wconf 89' lang='lat' dir='ltr'>nullam</span> <span class='ocrx_word' id='word_1_70' title='bbox 981 1050 1036 1110; x_wconf 90' lang='lat' dir='ltr'>sibi</span> 
     </span>
     <span class='ocr_line' id='line_1_10' title="bbox 90 1145 1036 1224; baseline 0.004 -22"><span class='ocrx_word' id='word_1_71' title='bbox 90 1145 123 1203; x_wconf 90' lang='lat' dir='ltr'>in</span> <span class='ocrx_word' id='word_1_72' title='bbox 137 1152 287 1222; x_wconf 89' lang='lat' dir='ltr'>posterum</span> <span class='ocrx_word' id='word_1_73' title='bbox 300 1163 362 1204; x_wconf 91' lang='lat' dir='ltr'>non</span> <span class='ocrx_word' id='word_1_74' title='bbox 375 1147 467 1206; x_wconf 90' lang='lat' dir='ltr'>modo</span> <span class='ocrx_word' id='word_1_75' title='bbox 481 1147 628 1223; x_wconf 88' lang='lat' dir='ltr'>dignitatis</span> <span class='ocrx_word' id='word_1_76' title='bbox 645 1147 697 1206; x_wconf 93' lang='lat' dir='ltr'>sed</span> <span class='ocrx_word' id='word_1_77' title='bbox 710 1165 748 1207; x_wconf 92' lang='lat' dir='ltr'>ne</span> <span class='ocrx_word' id='word_1_78' title='bbox 767 1147 904 1208; x_wconf 84' lang='lat' dir='ltr'>libertatis</span> <span class='ocrx_word' id='word_1_79' title='bbox 918 1147 1036 1224; x_wconf 89' lang='lat' dir='ltr'>quidem</span> 
     </span>
     <span class='ocr_line' id='line_1_11' title="bbox 91 1243 1036 1320; baseline 0.003 -19"><span class='ocrx_word' id='word_1_80' title='bbox 91 1253 206 1320; x_wconf 86' lang='lat' dir='ltr'>partem</span> <span class='ocrx_word' id='word_1_81' title='bbox 219 1243 341 1319; x_wconf 87' lang='lat' dir='ltr'>reliquit.</span> <span class='ocrx_word' id='word_1_82' title='bbox 384 1263 411 1320; x_wconf 85' lang='lat'>3.</span> <span class='ocrx_word' id='word_1_83' title='bbox 433 1245 480 1304; x_wconf 91' lang='lat' dir='ltr'>Te</span> <span class='ocrx_word' id='word_1_84' title='bbox 499 1257 597 1304; x_wconf 90' lang='lat' dir='ltr'>autem</span> <span class='ocrx_word' id='word_1_85' title='bbox 615 1246 668 1304; x_wconf 89' lang='lat' dir='ltr'>etsi</span> <span class='ocrx_word' id='word_1_86' title='bbox 687 1245 804 1304; x_wconf 91' lang='lat' dir='ltr'>mallem</span> <span class='ocrx_word' id='word_1_87' title='bbox 820 1247 850 1304; x_wconf 91' lang='lat' dir='ltr'>in</span> <span class='ocrx_word' id='word_1_88' title='bbox 864 1246 936 1304; x_wconf 91' lang='lat' dir='ltr'>meis</span> <span class='ocrx_word' id='word_1_89' title='bbox 950 1246 1036 1304; x_wconf 91' lang='lat' dir='ltr'>rebus</span> 
     </span>
     <span class='ocr_line' id='line_1_12' title="bbox 91 1344 1036 1420; baseline 0 -18"><span class='ocrx_word' id='word_1_90' title='bbox 91 1353 245 1418; x_wconf 83' lang='lat' dir='ltr'>expertum</span> <span class='ocrx_word' id='word_1_91' title='bbox 264 1361 354 1419; x_wconf 90' lang='lat' dir='ltr'>quam</span> <span class='ocrx_word' id='word_1_92' title='bbox 374 1344 460 1402; x_wconf 89' lang='lat' dir='ltr'>etiam</span> <span class='ocrx_word' id='word_1_93' title='bbox 480 1344 510 1402; x_wconf 91' lang='lat' dir='ltr'>in</span> <span class='ocrx_word' id='word_1_94' title='bbox 530 1345 595 1416; x_wconf 89' lang='lat' dir='ltr'>tuis,</span> <span class='ocrx_word' id='word_1_95' title='bbox 610 1353 708 1402; x_wconf 89' lang='lat' dir='ltr'>tamen</span> <span class='ocrx_word' id='word_1_96' title='bbox 727 1345 757 1402; x_wconf 92' lang='lat' dir='ltr'>in</span> <span class='ocrx_word' id='word_1_97' title='bbox 775 1344 908 1403; x_wconf 87' lang='lat' dir='ltr'>molestia</span> <span class='ocrx_word' id='word_1_98' title='bbox 920 1344 1036 1420; x_wconf 82' lang='lat' dir='ltr'>gaudeo</span> 
     </span>
     <span class='ocr_line' id='line_1_13' title="bbox 92 1440 1035 1519; baseline 0 -19"><span class='ocrx_word' id='word_1_99' title='bbox 92 1459 160 1500; x_wconf 90' lang='lat' dir='ltr'>eam</span> <span class='ocrx_word' id='word_1_100' title='bbox 181 1440 269 1498; x_wconf 86' lang='lat' dir='ltr'>fidem</span> <span class='ocrx_word' id='word_1_101' title='bbox 290 1458 436 1517; x_wconf 84' lang='lat' dir='ltr'>cognosse</span> <span class='ocrx_word' id='word_1_102' title='bbox 457 1441 610 1501; x_wconf 91' lang='lat' dir='ltr'>hominum</span> <span class='ocrx_word' id='word_1_103' title='bbox 627 1460 688 1500; x_wconf 92' lang='lat' dir='ltr'>non</span> <span class='ocrx_word' id='word_1_104' title='bbox 708 1443 747 1502; x_wconf 92' lang='lat' dir='ltr'>ita</span> <span class='ocrx_word' id='word_1_105' title='bbox 767 1461 875 1519; x_wconf 90' lang='lat' dir='ltr'>magna</span> <span class='ocrx_word' id='word_1_106' title='bbox 891 1442 1035 1512; x_wconf 89' lang='lat' dir='ltr'>mercede,</span> 
     </span>
     <span class='ocr_line' id='line_1_14' title="bbox 92 1539 1037 1618; baseline 0.002 -22"><span class='ocrx_word' id='word_1_107' title='bbox 92 1556 182 1615; x_wconf 91' lang='lat' dir='ltr'>quam</span> <span class='ocrx_word' id='word_1_108' title='bbox 196 1555 254 1615; x_wconf 90' lang='lat' dir='ltr'>ego</span> <span class='ocrx_word' id='word_1_109' title='bbox 269 1540 398 1596; x_wconf 84' lang='lat' dir='ltr'>maximo</span> <span class='ocrx_word' id='word_1_110' title='bbox 414 1539 514 1598; x_wconf 92' lang='lat' dir='ltr'>dolore</span> <span class='ocrx_word' id='word_1_111' title='bbox 528 1558 689 1616; x_wconf 89' lang='lat' dir='ltr'>cognoram</span> <span class='ocrx_word' id='word_1_112' title='bbox 697 1559 705 1613; x_wconf 93' lang='lat'>;</span> <span class='ocrx_word' id='word_1_113' title='bbox 729 1541 765 1600; x_wconf 89' lang='lat' dir='ltr'>de</span> <span class='ocrx_word' id='word_1_114' title='bbox 779 1559 837 1618; x_wconf 91' lang='lat' dir='ltr'>qua</span> <span class='ocrx_word' id='word_1_115' title='bbox 850 1540 961 1599; x_wconf 91' lang='lat' dir='ltr'>ratione</span> <span class='ocrx_word' id='word_1_116' title='bbox 975 1549 1037 1598; x_wconf 89' lang='lat' dir='ltr'>tota</span> 
     </span>
     <span class='ocr_line' id='line_1_15' title="bbox 92 1637 1036 1714; baseline 0 -19"><span class='ocrx_word' id='word_1_117' title='bbox 92 1638 152 1695; x_wconf 89' lang='lat' dir='ltr'>iam</span> <span class='ocrx_word' id='word_1_118' title='bbox 166 1637 278 1696; x_wconf 90' lang='lat' dir='ltr'>videtur</span> <span class='ocrx_word' id='word_1_119' title='bbox 291 1637 362 1694; x_wconf 90' lang='lat' dir='ltr'>mihi</span> <span class='ocrx_word' id='word_1_120' title='bbox 376 1639 544 1713; x_wconf 88' lang='lat' dir='ltr'>exponendi</span> <span class='ocrx_word' id='word_1_121' title='bbox 558 1648 673 1714; x_wconf 89' lang='lat' dir='ltr'>tempus</span> <span class='ocrx_word' id='word_1_122' title='bbox 688 1638 758 1711; x_wconf 87' lang='lat' dir='ltr'>dari,</span> <span class='ocrx_word' id='word_1_123' title='bbox 769 1648 801 1697; x_wconf 95' lang='lat' dir='ltr'>ut</span> <span class='ocrx_word' id='word_1_124' title='bbox 814 1638 865 1697; x_wconf 89' lang='lat' dir='ltr'>tibi</span> <span class='ocrx_word' id='word_1_125' title='bbox 879 1638 1036 1696; x_wconf 89' lang='lat' dir='ltr'>rescribam</span> 
     </span>
     <span class='ocr_line' id='line_1_16' title="bbox 93 1736 1036 1813; baseline -0.002 -17"><span class='ocrx_word' id='word_1_126' title='bbox 93 1737 132 1796; x_wconf 89' lang='lat' dir='ltr'>ad</span> <span class='ocrx_word' id='word_1_127' title='bbox 146 1756 188 1807; x_wconf 91' lang='lat' dir='ltr'>ea,</span> <span class='ocrx_word' id='word_1_128' title='bbox 204 1754 279 1812; x_wconf 86' lang='lat' dir='ltr'>quae</span> <span class='ocrx_word' id='word_1_129' title='bbox 300 1737 422 1811; x_wconf 89' lang='lat' dir='ltr'>quaeris.</span> <span class='ocrx_word' id='word_1_130' title='bbox 465 1755 493 1808; x_wconf 89' lang='lat'>4.</span> <span class='ocrx_word' id='word_1_131' title='bbox 516 1736 675 1796; x_wconf 89' lang='lat' dir='ltr'>Certiorem</span> <span class='ocrx_word' id='word_1_132' title='bbox 693 1747 720 1796; x_wconf 89' lang='lat' dir='ltr'>te</span> <span class='ocrx_word' id='word_1_133' title='bbox 738 1756 790 1813; x_wconf 90' lang='lat' dir='ltr'>per</span> <span class='ocrx_word' id='word_1_134' title='bbox 810 1737 916 1796; x_wconf 88' lang='lat' dir='ltr'>litteras</span> <span class='ocrx_word' id='word_1_135' title='bbox 936 1738 1036 1796; x_wconf 91' lang='lat' dir='ltr'>scribis</span> 
     </span>
     <span class='ocr_line' id='line_1_17' title="bbox 93 1833 1035 1913; baseline -0.001 -19"><span class='ocrx_word' id='word_1_136' title='bbox 93 1853 158 1894; x_wconf 91' lang='lat' dir='ltr'>esse</span> <span class='ocrx_word' id='word_1_137' title='bbox 172 1834 279 1894; x_wconf 83' lang='lat' dir='ltr'>factum</span> <span class='ocrx_word' id='word_1_138' title='bbox 294 1852 341 1892; x_wconf 93' lang='lat' dir='ltr'>me</span> <span class='ocrx_word' id='word_1_139' title='bbox 356 1852 423 1892; x_wconf 90' lang='lat' dir='ltr'>cum</span> <span class='ocrx_word' id='word_1_140' title='bbox 438 1833 563 1893; x_wconf 86' lang='lat' dir='ltr'>Caesare</span> <span class='ocrx_word' id='word_1_141' title='bbox 579 1845 607 1893; x_wconf 94' lang='lat' dir='ltr'>et</span> <span class='ocrx_word' id='word_1_142' title='bbox 621 1853 688 1893; x_wconf 92' lang='lat' dir='ltr'>cum</span> <span class='ocrx_word' id='word_1_143' title='bbox 702 1836 801 1913; x_wconf 83' lang='lat' dir='ltr'>Appio</span> <span class='ocrx_word' id='word_1_144' title='bbox 815 1846 877 1894; x_wconf 88' lang='lat' dir='ltr'>esse</span> <span class='ocrx_word' id='word_1_145' title='bbox 892 1836 922 1893; x_wconf 88' lang='lat' dir='ltr'>in</span> <span class='ocrx_word' id='word_1_146' title='bbox 935 1837 1035 1912; x_wconf 88' lang='lat' dir='ltr'>gratia,</span> 
     </span>
     <span class='ocr_line' id='line_1_18' title="bbox 92 1933 1036 2009; baseline 0.001 -18"><span class='ocrx_word' id='word_1_147' title='bbox 92 1943 179 2009; x_wconf 90' lang='lat' dir='ltr'>teque</span> <span class='ocrx_word' id='word_1_148' title='bbox 202 1933 231 1990; x_wconf 96' lang='lat' dir='ltr'>id</span> <span class='ocrx_word' id='word_1_149' title='bbox 253 1950 313 1990; x_wconf 92' lang='lat' dir='ltr'>non</span> <span class='ocrx_word' id='word_1_150' title='bbox 338 1933 548 2008; x_wconf 87' lang='lat' dir='ltr'>reprehendere</span> <span class='ocrx_word' id='word_1_151' title='bbox 573 1934 730 2006; x_wconf 91' lang='lat' dir='ltr'>adscribis;</span> <span class='ocrx_word' id='word_1_152' title='bbox 766 1933 915 1992; x_wconf 88' lang='lat' dir='ltr'>Vatinium</span> <span class='ocrx_word' id='word_1_153' title='bbox 938 1943 1036 1992; x_wconf 89' lang='lat' dir='ltr'>autem</span> 
     </span>
     <span class='ocr_line' id='line_1_19' title="bbox 93 2030 1036 2107; baseline 0.001 -17"><span class='ocrx_word' id='word_1_154' title='bbox 93 2033 167 2090; x_wconf 90' lang='lat' dir='ltr'>scire</span> <span class='ocrx_word' id='word_1_155' title='bbox 182 2041 209 2089; x_wconf 87' lang='lat' dir='ltr'>te</span> <span class='ocrx_word' id='word_1_156' title='bbox 228 2030 300 2089; x_wconf 90' lang='lat' dir='ltr'>velle</span> <span class='ocrx_word' id='word_1_157' title='bbox 317 2031 447 2089; x_wconf 88' lang='lat' dir='ltr'>ostendis</span> <span class='ocrx_word' id='word_1_158' title='bbox 466 2033 570 2107; x_wconf 93' lang='lat' dir='ltr'>quibus</span> <span class='ocrx_word' id='word_1_159' title='bbox 589 2033 676 2090; x_wconf 90' lang='lat' dir='ltr'>rebus</span> <span class='ocrx_word' id='word_1_160' title='bbox 695 2032 838 2090; x_wconf 88' lang='lat' dir='ltr'>adductus</span> <span class='ocrx_word' id='word_1_161' title='bbox 858 2033 1036 2092; x_wconf 80' lang='lat' dir='ltr'>defenderim</span> 
     </span>
     <span class='ocr_line' id='line_1_20' title="bbox 92 2126 1035 2208; baseline 0.001 -20"><span class='ocrx_word' id='word_1_162' title='bbox 92 2142 122 2188; x_wconf 90' lang='lat' dir='ltr'>et</span> <span class='ocrx_word' id='word_1_163' title='bbox 135 2128 283 2187; x_wconf 81' lang='lat' dir='ltr'>laudarim.</span> <span class='ocrx_word' id='word_1_164' title='bbox 326 2126 417 2199; x_wconf 92' lang='lat' dir='ltr'>Quod</span> <span class='ocrx_word' id='word_1_165' title='bbox 431 2130 482 2186; x_wconf 89' lang='lat' dir='ltr'>tibi</span> <span class='ocrx_word' id='word_1_166' title='bbox 500 2139 532 2187; x_wconf 92' lang='lat' dir='ltr'>ut</span> <span class='ocrx_word' id='word_1_167' title='bbox 550 2129 664 2205; x_wconf 89' lang='lat' dir='ltr'>planius</span> <span class='ocrx_word' id='word_1_168' title='bbox 681 2148 835 2205; x_wconf 85' lang='lat' dir='ltr'>exponam,</span> <span class='ocrx_word' id='word_1_169' title='bbox 850 2130 934 2189; x_wconf 87' lang='lat' dir='ltr'>altius</span> <span class='ocrx_word' id='word_1_170' title='bbox 948 2132 1035 2208; x_wconf 90' lang='lat' dir='ltr'>paulo</span> 
     </span>
     <span class='ocr_line' id='line_1_21' title="bbox 92 2225 1035 2306; baseline 0.001 -20"><span class='ocrx_word' id='word_1_171' title='bbox 92 2229 234 2286; x_wconf 88' lang='lat' dir='ltr'>rationem</span> <span class='ocrx_word' id='word_1_172' title='bbox 249 2225 436 2285; x_wconf 89' lang='lat' dir='ltr'>consiliorum</span> <span class='ocrx_word' id='word_1_173' title='bbox 450 2245 583 2285; x_wconf 90' lang='lat' dir='ltr'>meorum</span> <span class='ocrx_word' id='word_1_174' title='bbox 597 2237 727 2303; x_wconf 89' lang='lat' dir='ltr'>repetam</span> <span class='ocrx_word' id='word_1_175' title='bbox 740 2245 860 2286; x_wconf 88' lang='lat' dir='ltr'>necesse</span> <span class='ocrx_word' id='word_1_176' title='bbox 875 2239 926 2288; x_wconf 80' lang='lat' dir='ltr'>est</span> <span class='ocrx_word' id='word_1_177' title='bbox 968 2228 1035 2306; x_wconf 87' lang='lat' dir='ltr'>Ego</span> 
     </span>
     <span class='ocr_line' id='line_1_22' title="bbox 92 2324 1035 2400; baseline 0.001 -16"><span class='ocrx_word' id='word_1_178' title='bbox 92 2344 149 2397; x_wconf 85' lang='lat' dir='ltr'>me,</span> <span class='ocrx_word' id='word_1_179' title='bbox 174 2324 305 2395; x_wconf 87' lang='lat' dir='ltr'>Lentule,</span> <span class='ocrx_word' id='word_1_180' title='bbox 333 2324 415 2382; x_wconf 92' lang='lat' dir='ltr'>initio</span> <span class='ocrx_word' id='word_1_181' title='bbox 439 2343 534 2382; x_wconf 91' lang='lat' dir='ltr'>rerum</span> <span class='ocrx_word' id='word_1_182' title='bbox 559 2335 645 2400; x_wconf 88' lang='lat' dir='ltr'>atque</span> <span class='ocrx_word' id='word_1_183' title='bbox 668 2325 816 2383; x_wconf 88' lang='lat' dir='ltr'>actionum</span> <span class='ocrx_word' id='word_1_184' title='bbox 838 2336 952 2397; x_wconf 87' lang='lat' dir='ltr'>tuarum</span> <span class='ocrx_word' id='word_1_185' title='bbox 974 2345 1035 2385; x_wconf 92' lang='lat' dir='ltr'>non</span> 
     </span>
     <span class='ocr_line' id='line_1_23' title="bbox 93 2421 1034 2499; baseline 0.001 -17"><span class='ocrx_word' id='word_1_186' title='bbox 93 2424 189 2482; x_wconf 92' lang='lat' dir='ltr'>solum</span> <span class='ocrx_word' id='word_1_187' title='bbox 203 2423 275 2481; x_wconf 89' lang='lat' dir='ltr'>meis</span> <span class='ocrx_word' id='word_1_188' title='bbox 290 2421 443 2480; x_wconf 88' lang='lat' dir='ltr'>sedetiam</span> <span class='ocrx_word' id='word_1_189' title='bbox 458 2422 498 2479; x_wconf 90' lang='lat' dir='ltr'>rei</span> <span class='ocrx_word' id='word_1_190' title='bbox 517 2423 649 2498; x_wconf 91' lang='lat' dir='ltr'>publicae</span> <span class='ocrx_word' id='word_1_191' title='bbox 668 2423 830 2481; x_wconf 91' lang='lat' dir='ltr'>restitutum</span> <span class='ocrx_word' id='word_1_192' title='bbox 844 2423 982 2499; x_wconf 88' lang='lat' dir='ltr'>putabam</span> <span class='ocrx_word' id='word_1_193' title='bbox 997 2436 1034 2497; x_wconf 88' lang='lat' dir='ltr'>et,</span> 
     </span>
     <span class='ocr_line' id='line_1_24' title="bbox 93 2520 1036 2599; baseline 0.004 -21"><span class='ocrx_word' id='word_1_194' title='bbox 93 2521 234 2599; x_wconf 89' lang='lat' dir='ltr'>quoniam</span> <span class='ocrx_word' id='word_1_195' title='bbox 253 2520 303 2578; x_wconf 92' lang='lat' dir='ltr'>tibi</span> <span class='ocrx_word' id='word_1_196' title='bbox 326 2520 521 2579; x_wconf 89' lang='lat' dir='ltr'>incredibilem</span> <span class='ocrx_word' id='word_1_197' title='bbox 540 2522 687 2595; x_wconf 87' lang='lat' dir='ltr'>quendam</span> <span class='ocrx_word' id='word_1_198' title='bbox 705 2538 836 2579; x_wconf 89' lang='lat' dir='ltr'>amorem</span> <span class='ocrx_word' id='word_1_199' title='bbox 850 2530 879 2580; x_wconf 93' lang='lat' dir='ltr'>et</span> <span class='ocrx_word' id='word_1_200' title='bbox 893 2523 992 2581; x_wconf 89' lang='lat' dir='ltr'>omnia</span> <span class='ocrx_word' id='word_1_201' title='bbox 1006 2525 1036 2582; x_wconf 94' lang='lat' dir='ltr'>in</span> 
     </span>
     <span class='ocr_line' id='line_1_25' title="bbox 93 2618 1036 2697; baseline -0.001 -19"><span class='ocrx_word' id='word_1_202' title='bbox 93 2630 122 2678; x_wconf 91' lang='lat' dir='ltr'>te</span> <span class='ocrx_word' id='word_1_203' title='bbox 141 2619 239 2695; x_wconf 90' lang='lat' dir='ltr'>ipsum</span> <span class='ocrx_word' id='word_1_204' title='bbox 260 2635 374 2676; x_wconf 90' lang='lat' dir='ltr'>summa</span> <span class='ocrx_word' id='word_1_205' title='bbox 395 2636 429 2676; x_wconf 88' lang='lat' dir='ltr'>ac</span> <span class='ocrx_word' id='word_1_206' title='bbox 443 2618 598 2693; x_wconf 88' lang='lat' dir='ltr'>singularia</span> <span class='ocrx_word' id='word_1_207' title='bbox 611 2619 706 2677; x_wconf 91' lang='lat' dir='ltr'>studia</span> <span class='ocrx_word' id='word_1_208' title='bbox 720 2619 866 2691; x_wconf 89' lang='lat' dir='ltr'>deberem,</span> <span class='ocrx_word' id='word_1_209' title='bbox 880 2620 922 2681; x_wconf 92' lang='lat' dir='ltr'>rei</span> <span class='ocrx_word' id='word_1_210' title='bbox 943 2621 1036 2697; x_wconf 89' lang='lat' dir='ltr'>publi-</span> 
     </span>
     <span class='ocr_line' id='line_1_26' title="bbox 95 2715 1037 2790; baseline 0.001 -15"><span class='ocrx_word' id='word_1_211' title='bbox 95 2736 155 2785; x_wconf 89' lang='lat' dir='ltr'>cae,</span> <span class='ocrx_word' id='word_1_212' title='bbox 177 2734 253 2790; x_wconf 88' lang='lat' dir='ltr'>quae</span> <span class='ocrx_word' id='word_1_213' title='bbox 273 2725 302 2773; x_wconf 90' lang='lat' dir='ltr'>te</span> <span class='ocrx_word' id='word_1_214' title='bbox 323 2715 353 2772; x_wconf 92' lang='lat' dir='ltr'>in</span> <span class='ocrx_word' id='word_1_215' title='bbox 374 2733 422 2772; x_wconf 89' lang='lat' dir='ltr'>me</span> <span class='ocrx_word' id='word_1_216' title='bbox 443 2716 621 2774; x_wconf 87' lang='lat' dir='ltr'>restituendo</span> <span class='ocrx_word' id='word_1_217' title='bbox 642 2715 765 2774; x_wconf 87' lang='lat' dir='ltr'>multum</span> <span class='ocrx_word' id='word_1_218' title='bbox 785 2717 948 2788; x_wconf 87' lang='lat' dir='ltr'>adiuvisset,</span> <span class='ocrx_word' id='word_1_219' title='bbox 969 2736 1037 2776; x_wconf 92' lang='lat' dir='ltr'>eum</span> 
     </span>
     <span class='ocr_line' id='line_1_27' title="bbox 94 2813 1038 2891; baseline 0 -18"><span class='ocrx_word' id='word_1_220' title='bbox 94 2823 172 2874; x_wconf 90' lang='lat' dir='ltr'>certe</span> <span class='ocrx_word' id='word_1_221' title='bbox 189 2831 237 2870; x_wconf 90' lang='lat' dir='ltr'>me</span> <span class='ocrx_word' id='word_1_222' title='bbox 258 2813 387 2870; x_wconf 90' lang='lat' dir='ltr'>animum</span> <span class='ocrx_word' id='word_1_223' title='bbox 405 2813 509 2870; x_wconf 90' lang='lat' dir='ltr'>merito</span> <span class='ocrx_word' id='word_1_224' title='bbox 531 2813 621 2888; x_wconf 87' lang='lat' dir='ltr'>ipsius</span> <span class='ocrx_word' id='word_1_225' title='bbox 642 2813 747 2872; x_wconf 88' lang='lat' dir='ltr'>debere</span> <span class='ocrx_word' id='word_1_226' title='bbox 768 2813 934 2885; x_wconf 85' lang='lat' dir='ltr'>arbitrabar,</span> <span class='ocrx_word' id='word_1_227' title='bbox 949 2833 1038 2891; x_wconf 91' lang='lat' dir='ltr'>quem</span> 
     </span>
     <span class='ocr_line' id='line_1_28' title="bbox 94 2909 1038 2982; baseline 0.001 -14"><span class='ocrx_word' id='word_1_228' title='bbox 94 2921 180 2969; x_wconf 88' lang='lat' dir='ltr'>antea</span> <span class='ocrx_word' id='word_1_229' title='bbox 200 2921 313 2969; x_wconf 88' lang='lat' dir='ltr'>tantum</span> <span class='ocrx_word' id='word_1_230' title='bbox 334 2909 425 2968; x_wconf 92' lang='lat' dir='ltr'>modo</span> <span class='ocrx_word' id='word_1_231' title='bbox 450 2911 598 2968; x_wconf 91' lang='lat' dir='ltr'>communi</span> <span class='ocrx_word' id='word_1_232' title='bbox 620 2911 715 2968; x_wconf 91' lang='lat' dir='ltr'>officio</span> <span class='ocrx_word' id='word_1_233' title='bbox 740 2912 853 2982; x_wconf 88' lang='lat' dir='ltr'>civium,</span> <span class='ocrx_word' id='word_1_234' title='bbox 872 2930 933 2970; x_wconf 90' lang='lat' dir='ltr'>non</span> <span class='ocrx_word' id='word_1_235' title='bbox 954 2913 1038 2971; x_wconf 88' lang='lat' dir='ltr'>alicui</span> 
     </span>
     <span class='ocr_line' id='line_1_29' title="bbox 95 3008 1038 3084; baseline 0 -16"><span class='ocrx_word' id='word_1_236' title='bbox 95 3028 165 3084; x_wconf 87' lang='lat' dir='ltr'>erga</span> <span class='ocrx_word' id='word_1_237' title='bbox 180 3027 228 3066; x_wconf 89' lang='lat' dir='ltr'>me</span> <span class='ocrx_word' id='word_1_238' title='bbox 247 3008 384 3084; x_wconf 89' lang='lat' dir='ltr'>singulari</span> <span class='ocrx_word' id='word_1_239' title='bbox 404 3008 546 3066; x_wconf 90' lang='lat' dir='ltr'>beneficio</span> <span class='ocrx_word' id='word_1_240' title='bbox 567 3009 696 3066; x_wconf 91' lang='lat' dir='ltr'>debitum</span> <span class='ocrx_word' id='word_1_241' title='bbox 715 3011 928 3084; x_wconf 87' lang='lat' dir='ltr'>praestitissem.</span> <span class='ocrx_word' id='word_1_242' title='bbox 971 3009 1038 3069; x_wconf 92' lang='lat' dir='ltr'>Hac</span> 
     </span>
     <span class='ocr_line' id='line_1_30' title="bbox 94 3105 1039 3166; baseline 0.001 -1"><span class='ocrx_word' id='word_1_243' title='bbox 94 3126 142 3166; x_wconf 92' lang='lat' dir='ltr'>me</span> <span class='ocrx_word' id='word_1_244' title='bbox 157 3117 254 3164; x_wconf 85' lang='lat' dir='ltr'>mente</span> <span class='ocrx_word' id='word_1_245' title='bbox 269 3105 356 3164; x_wconf 83' lang='lat' dir='ltr'>fuisse</span> <span class='ocrx_word' id='word_1_246' title='bbox 372 3117 400 3164; x_wconf 96' lang='lat' dir='ltr'>et</span> <span class='ocrx_word' id='word_1_247' title='bbox 415 3115 531 3164; x_wconf 90' lang='lat' dir='ltr'>senatus</span> <span class='ocrx_word' id='word_1_248' title='bbox 546 3124 583 3163; x_wconf 81' lang='lat' dir='ltr'>ex</span> <span class='ocrx_word' id='word_1_249' title='bbox 597 3124 645 3164; x_wconf 90' lang='lat' dir='ltr'>me</span> <span class='ocrx_word' id='word_1_250' title='bbox 664 3116 692 3165; x_wconf 92' lang='lat' dir='ltr'>te</span> <span class='ocrx_word' id='word_1_251' title='bbox 707 3107 826 3166; x_wconf 89' lang='lat' dir='ltr'>consule</span> <span class='ocrx_word' id='word_1_252' title='bbox 844 3108 952 3166; x_wconf 91' lang='lat' dir='ltr'>audivit</span> <span class='ocrx_word' id='word_1_253' title='bbox 966 3118 993 3165; x_wconf 90' lang='lat' dir='ltr'>et</span> <span class='ocrx_word' id='word_1_254' title='bbox 1008 3119 1039 3166; x_wconf 91' lang='lat' dir='ltr'>tu</span> 
     </span>
     <span class='ocr_line' id='line_1_31' title="bbox 94 3203 1037 3281; baseline 0.001 -18"><span class='ocrx_word' id='word_1_255' title='bbox 94 3206 125 3263; x_wconf 93' lang='lat' dir='ltr'>in</span> <span class='ocrx_word' id='word_1_256' title='bbox 153 3204 259 3262; x_wconf 86' lang='lat' dir='ltr'>nostris</span> <span class='ocrx_word' id='word_1_257' title='bbox 292 3204 474 3262; x_wconf 88' lang='lat' dir='ltr'>sermonibus</span> <span class='ocrx_word' id='word_1_258' title='bbox 508 3203 805 3281; x_wconf 91' lang='lat' dir='ltr'>collocutionibusque</span> <span class='ocrx_word' id='word_1_259' title='bbox 840 3205 902 3281; x_wconf 90' lang='lat' dir='ltr'>ipse</span> <span class='ocrx_word' id='word_1_260' title='bbox 935 3203 1037 3264; x_wconf 90' lang='lat' dir='ltr'>vidisti.</span> 
     </span>
     <span class='ocr_line' id='line_1_32' title="bbox 96 3301 1038 3377; baseline 0.004 -18"><span class='ocrx_word' id='word_1_261' title='bbox 96 3317 123 3377; x_wconf 90' lang='lat'>5.</span> <span class='ocrx_word' id='word_1_262' title='bbox 144 3302 207 3361; x_wconf 91' lang='lat' dir='ltr'>Etsi</span> <span class='ocrx_word' id='word_1_263' title='bbox 235 3301 294 3360; x_wconf 92' lang='lat' dir='ltr'>iam</span> <span class='ocrx_word' id='word_1_264' title='bbox 321 3302 420 3377; x_wconf 90' lang='lat' dir='ltr'>primis</span> <span class='ocrx_word' id='word_1_265' title='bbox 443 3302 622 3377; x_wconf 91' lang='lat' dir='ltr'>temporibus</span> <span class='ocrx_word' id='word_1_266' title='bbox 646 3302 699 3361; x_wconf 93' lang='lat' dir='ltr'>illis</span> <span class='ocrx_word' id='word_1_267' title='bbox 721 3304 818 3362; x_wconf 92' lang='lat' dir='ltr'>multis</span> <span class='ocrx_word' id='word_1_268' title='bbox 842 3305 927 3361; x_wconf 91' lang='lat' dir='ltr'>rebus</span> <span class='ocrx_word' id='word_1_269' title='bbox 954 3321 1038 3363; x_wconf 90' lang='lat' dir='ltr'>meus</span> 
     </span>
     <span class='ocr_line' id='line_1_33' title="bbox 95 3399 1038 3479; baseline 0.001 -19"><span class='ocrx_word' id='word_1_270' title='bbox 95 3399 296 3460; x_wconf 84' lang='lat' dir='ltr'>offendebatur</span> <span class='ocrx_word' id='word_1_271' title='bbox 320 3401 442 3472; x_wconf 90' lang='lat' dir='ltr'>animus,</span> <span class='ocrx_word' id='word_1_272' title='bbox 466 3418 534 3459; x_wconf 89' lang='lat' dir='ltr'>cum</span> <span class='ocrx_word' id='word_1_273' title='bbox 562 3410 589 3460; x_wconf 90' lang='lat' dir='ltr'>te</span> <span class='ocrx_word' id='word_1_274' title='bbox 614 3410 719 3478; x_wconf 89' lang='lat' dir='ltr'>agente</span> <span class='ocrx_word' id='word_1_275' title='bbox 747 3401 784 3460; x_wconf 90' lang='lat' dir='ltr'>de</span> <span class='ocrx_word' id='word_1_276' title='bbox 807 3401 916 3479; x_wconf 87' lang='lat' dir='ltr'>reliqua</span> <span class='ocrx_word' id='word_1_277' title='bbox 940 3414 1038 3462; x_wconf 88' lang='lat' dir='ltr'>nostra</span> 
     </span>
    </p>
   </div>
   <div class='ocr_carea' id='block_1_3' title="bbox 0 0 1190 3810">
    <p class='ocr_par' dir='ltr' id='par_1_3' title="bbox 0 0 1190 3810">
     <span class='ocr_line' id='line_1_34' title="bbox 0 0 1190 3810; baseline 0 0"><span class='ocrx_word' id='word_1_278' title='bbox 0 0 1190 3810; x_wconf 95' lang='lat' dir='ltr'> </span> 
     </span>
    </p>
   </div>
  </div>
 </body>
</html>
