2356 3810
94 240 137 302 np.
154 225 210 308 μ]
263 240 378 288 aaran
399 239 450 289 An
470 227 692 289 FAMILIARES
713 224 787 290 nrt.
813 245 862 294 12·
969 234 1037 312 ⁴¹33

91 394 268 471 Accepimus
287 397 482 468 condiciones,
498 397 550 456 sed
563 397 611 467 ita,
624 407 657 456 ut
674 409 820 456 removeat
839 397 984 474 praesidia
997 415 1034 455 ex

90 493 125 549 iis
139 492 217 563 locis,
233 510 308 567 quae
322 495 482 569 occupavit,
497 502 528 551 ut
543 495 603 552 sine
617 505 697 552 metu
711 495 748 552 de
762 494 806 552 his
820 495 890 571 ipsis
905 495 1033 553 condici-

90 591 196 648 onibus
211 589 325 648 Romae
340 601 458 649 senatus
472 591 570 650 haberi
584 593 685 668 possit.
728 611 755 664 4.
777 592 813 650 ld
826 592 873 649 ille
887 593 911 649 si
926 591 1033 661 fecerit,

90 705 158 761 spes
177 695 220 744 est
241 688 330 762 pacis,
345 705 406 745 non
419 685 680 765 honestae-leges
697 690 776 747 enim
796 691 1032 766 imponuntur-‚

90 784 143 842 sed
167 784 278 860 quidvis
301 795 345 842 est
368 785 471 843 melius
495 805 584 861 quarn
611 788 653 846 sic
681 805 745 846 esse
769 797 801 846 ut
829 805 937 845 sumus.
980 784 1032 843 Sin

90 892 188 939 autern
203 882 249 940 ille
268 881 327 939 suis
347 883 567 943 condicionibus
584 894 658 943 stare
677 885 809 956 noluerit,
824 885 930 942 bellum
949 901 1034 958 para·

90 989 152 1036 tum
167 989 219 1049 est,
234 979 391 1036 eiusmodi
408 990 514 1051 tamen,
529 983 610 1056 quod
631 983 771 1040 sustinere
791 981 837 1040 ille
856 1000 918 1038 non
932 981 1033 1056 possit,

90 1077 259 1151 praesertim
274 1094 340 1134 cum
360 1095 378 1134 a
397 1077 456 1135 suis
474 1079 696 1138 condicionibus
717 1081 779 1155 ipse
793 1079 907 1155 fugerit,
923 1088 1035 1137 tantum

90 1175 181 1232 modo
205 1185 238 1231 ut
258 1191 325 1232 eum
347 1174 579 1247 intercludamus,
601 1195 639 1235 ne
660 1177 697 1234 ad
717 1177 819 1235 urbem
840 1178 932 1252 possit
952 1194 1034 1233 acce-

88 1273 168 1342 ·dere,
183 1272 263 1346 quod
277 1274 466 1348 sperabamus
480 1274 541 1331 fieri
556 1291 660 1351 posse;
682 1275 802 1334 dilectus
817 1275 894 1332 enim
909 1289 1033 1348 magnos

91 1369 269 1429 habebamus
283 1371 516 1447 putabamusque
530 1372 610 1429 illum
625 1382 760 1438 metuere,
776 1373 801 1430 si
821 1373 859 1430 ad
877 1373 979 1429 urbem
993 1371 1034 1428 ire

92 1468 242 1542 coepisset,
263 1485 300 1525 ne
323 1466 431 1525 Gallias
452 1469 603 1542 amitteret,
619 1487 691 1546 quas
713 1471 814 1528 ambas
835 1469 922 1527 habet
940 1469 1034 1526 inimi-

92 1564 222 1622 cissimas
255 1574 367 1640 praeter
399 1564 637 1641 Transpadanos
672 1585 709 1624 ex
744 1566 947 1642 Hispaniaque
982 1583 1033 1622 sex

92 1660 222 1735 legiones
249 1673 279 1720 et
305 1680 413 1739 magna
441 1664 546 1722 auxilia
570 1663 691 1722 Afranio
719 1675 749 1723 et
769 1663 884 1723 Petreio
912 1663 1033 1721 ducibus
1131 1687 1134 1693 ¹

92 1759 179 1816 habet
199 1777 217 1816 a
237 1769 336 1836 tergo:
357 1761 475 1833 videtur,
491 1763 516 1820 si
537 1763 667 1834 insaniet,
682 1781 769 1839 posse
791 1762 1033 1839 opprimi-modo

92 1868 124 1916 ut
138 1859 207 1916 urbe
222 1858 307 1917 salva.
349 1857 510 1918 Maximam
525 1870 622 1918 autem
635 1861 753 1936 plagam
771 1861 891 1936 accepit,
906 1860 986 1936 quod
999 1860 1035 1929 is,

93 1957 142 2032 qui
164 1974 308 2014 summam
329 1958 529 2015 auctoritatem
549 1959 580 2016 in
599 1958 674 2016 illius
695 1959 821 2017 exercitu
842 1958 975 2028 habebat,
996 1955 1032 2014 T.

93 2053 247 2122 Labienus,
262 2054 357 2112 socius
372 2053 486 2112 sceleris
500 2073 564 2114 esse
584 2056 695 2114 noluit:
717 2056 830 2132 reliquit
851 2054 928 2112 illum
947 2063 976 2111 et
995 2059 1036 2109 est

92 2152 254 2222 nobiscum,
269 2151 408 2226 multique
429 2151 507 2210 idem
528 2152 629 2211 facturi
650 2171 715 2212 esse
735 2154 876 2212 dicuntur.
919 2165 945 2223 5.
966 2149 1032 2224 Ego

93 2248 187 2306 adhuc
202 2266 271 2306 orae
284 2248 442 2306 maritimae
456 2267 592 2324 praesum
607 2249 767 2308 aFormiis.
807 2246 926 2306 Nullum
940 2248 1034 2305 maius

93 2346 243 2420 negotium
271 2344 417 2420 suscipere
444 2346 529 2416 volui,
558 2364 618 2422 quo
646 2346 713 2423 plus
740 2346 924 2422 apudiltum
950 2363 1034 2403 meae

93 2445 202 2502 litterae
224 2443 498 2519 cohortationesque
519 2443 557 2502 ad
581 2462 684 2520 pacem
706 2444 848 2514 valerent;
873 2444 1035 2501 sinautem

94 2543 146 2601 erit
160 2542 276 2609 bellum,
291 2541 375 2599 video
389 2560 436 2600 me
450 2542 552 2608 castris
569 2550 598 2600 et
616 2542 701 2600 certis
715 2542 876 2617 legionibus
891 2540 1034 2614 praefutu-

93 2658 165 2698 rum.
215 2638 321 2696 Habeo
349 2638 436 2696 etiam
464 2639 541 2696 illam
577 2639 748 2708 molestiam,
776 2638 857 2714 quod
883 2636 1035 2695 Dolabella

94 2748 192 2795 noster
216 2735 295 2810 apud
318 2735 474 2793 Caesarem
496 2746 548 2794 est.
590 2735 675 2794 Haec
696 2735 748 2793 tibi
770 2746 840 2793 nota
862 2751 928 2792 esse
948 2734 1033 2803 volui,

94 2853 168 2910 quae
193 2851 261 2891 cave
288 2851 326 2890 ne
353 2842 381 2890 te
409 2832 577 2908 perturbent
604 2843 634 2892 et
661 2833 820 2909 impediant
842 2816 1035 2890 valetudinem

94 2945 182 2990 tuam.
224 2932 251 2988 6.
272 2929 338 3006 Ego
352 2931 388 2987 A.
400 2929 532 3000 Varroni,
547 2947 636 3006 quem
651 2949 718 2988 cum
733 2929 963 2988 amantissimum
977 2928 1036 2985 mei

94 3029 227 3104 cognovi,
241 3038 303 3085 tum
318 3027 405 3085 etiam
418 3026 501 3084 valde
521 3028 563 3084 tui
583 3027 754 3096 studiosum,
768 3026 985 3102 diligentissime
1007 3035 1035 3082 te

94 3125 304 3194 commendavi,
326 3133 359 3182 ut
378 3134 407 3181 et
427 3124 596 3183 valetudinis
621 3134 687 3182 tuae
708 3124 848 3182 rationem
869 3123 988 3181 haberet
1008 3132 1037 3180 et

94 3221 285 3298 navigationis
310 3231 338 3278 et
362 3230 455 3278 totum
479 3229 508 3278 te
532 3223 691 3298 susciperet
715 3241 749 3281 ac
777 3231 920 3280 tueretur:
949 3237 1036 3294 quern

95 3321 194 3380 omnia
208 3319 349 3375 facturum
364 3316 482 3374 confido
491 3336 499 3388 ;
521 3320 630 3393 recepit
647 3320 725 3376 enirn
744 3329 773 3377 et
789 3335 905 3377 mecum
924 3316 1037 3374 locutus

96 3429 140 3480 est
158 3415 335 3476 suavissime.
375 3413 433 3486 Tu,
455 3415 595 3490 quoniam
617 3432 654 3474 eo
678 3426 810 3493 tempore
833 3431 948 3472 mecum
973 3429 1037 3471 esse

105 3505 116 3526 0
