2356 3810
50 242 98 307 sp.
117 229 172 312 ra]
229 232 348 289 nersrt
368 234 417 287 Ab
438 233 659 286 sirmiensem
680 219 753 289 xiv.
780 244 807 289 ι.
945 216 991 308 49

51 406 153 459 tantos
172 398 318 475 percipere
342 396 459 455 luctus!
508 397 586 454 Nam
615 397 683 472 quid
707 405 763 472 ego
788 395 824 453 (le
848 389 989 454 Cicerone

53 499 169 558 dicam?
204 497 253 572 qui
281 507 350 552 curn·
376 497 501 570 primurn
528 510 631 570 sapere·
658 495 762 569 coepit,
790 494 996 551 acerbissimos

53 595 171 655 dolores
184 594 374 666 miseriasque
386 593 522 667 percepit.
564 591 648 662 Quae
670 593 701 660 si,
718 603 748 648 tu
762 601 793 648 ut
808 592 915 660 scribis,
930 589 994 648 fato<

53 695 132 752 lacta
145 702 284 768 putarem,
299 689 403 748 ferrem
417 691 504 765 paulo
519 690 637 760 facilius,
653 690 706 748 sed
720 691 819 747 omnia
840 697 906 747 sunt
926 694 992 744 mea

54 792 142 866 culpa
155 789 317 858 commissa,
333 788 382 864 qui
395 789 433 844 ab
446 787 480 846 iis
494 805 541 844 rne
556 788 645 844 amari
660 789 807 862 putabam,
820 787 869 862 qui
883 786 992 843 invide-

54 891 135 957 bunt,
163 905 216 945 eos
242 897 304 943 nort
332 887 482 960 sequebar,
510 886 560 960 qui
588 887 732 959 petebant.
790 905 815 942 2.
852 883 942 955 Quod
971 883 995 940 si

55 986 163 1043 nostris
189 984 315 1042 consiliis
339 983 385 1040 usi
413 998 542 1041 essemus
571 994 666 1058 neque
693 980 772 1058 apud
800 1001 854 1040 nos
883 991 996 1039 tanturn

55 1084 191 1140 valuisset
205 1090 299 1138 sermo
313 1091 362 1138 aut
377 1081 528 1138 stultorum
542 1081 703 1138 amicorum
720 1091 768 1138 aut
789 1081 995 1154 improborum,

56 1179 216 1239 beatissimi
228 1179 402 1237 viveremus:
430 1190 517 1249 nunc,
539 1181 678 1254 quoniam
699 1191 812 1256 sperare
833 1189 888 1236 nos
909 1178 995 1235 amici

56 1281 169 1348 iubent,
188 1277 264 1334 dabo
285 1288 412 1353 operam,
433 1294 557 1335 nemea
578 1276 710 1336 valetudo
731 1289 781 1336 tuo
802 1278 893 1335 labori
914 1276 996 1334 desit.

59 1376 121 1434 Res
135 1382 246 1452 quents
258 1376 301 1445 sit,
316 1375 461 1450 ineeliego,
477 1387 642 1451 quantoque
657 1375 740 1434 fuerit
754 1375 864 1433 facilius
878 1384 996 1432 manere
1017 1449 1021 1454 ι

59 1474 142 1532 domi
165 1490 254 1548 quarn
278 1474 388 1544 redire;
421 1472 472 1531 sed
497 1483 602 1542 tamen,
629 1475 653 1531 si
678 1490 780 1531 omnes
804 1474 936 1530 tribunos·
957 1472 994 1547 pl.

59 1571 212 1639 hebernus,
229 1570 258 1627 si
280 1569 437 1634 Lentulum·
455 1579 514 1626 tarn
536 1571 713 1641 studiosum,
728 1584 816 1647 quarn
836 1570 961 1640 videtur,
975 1571 999 1628 si

59 1684 130 1728 vero
144 1669 232 1726 etiarn
240 1667 414 1743 Pompeium
426 1677 457 1724 et
469 1667 631 1738 Caesarem,
643 1682 706 1725 non>
718 1679 762 1726 est
776 1656 996 1744 desperandum.

55 1787 89 1842 -3.
113 1765 159 1823 De
174 1765 289 1836 familia,
303 1776 363 1839 quo
385 1765 475 1823 modo
497 1762 640 1841 placuisse
661 1767 760 1823 scribis
783 1767 892 1836 amicis,
913 1765 1004 1823 facie?

61 1883 146 1936 mus;
179 1863 312 1957 deloco,
337 1881 414 1920 nunc
439 1863 558 1938 quidem
583 1863 642 1929 iarn
666 1864 734 1920 abiit
758 1864 926 1939 pestilentia,
949 1863 1001 1920 sed

62 1978 153 2038 quam
168 1959 217 2016 diu
231 1959 289 2028 luit,
271 1969 352 2016 tme
366 1973 427 2016 non
442 1960 540 2034 attigit.
523 1959 726 2029 {Plancius
741 1960 830 2018 homo
850 1959 999 2018 officiosis-

62 2060 163 2126 simus,
191 2062 239 2114 me
267 2057 345 2130 cupit
372 2073 435 2114 esse
443 2066 565 2147 seeum
591 2067 619 2114 et
647 2057 741 2115 adhuc
769 2068 812 2115 ret
802 2059 879 2115 tinet
935 2057 1001 2132 Ego

62 2155 198 2212 volebam
222 2152 287 2210 loco
306 2153 400 2226 magis
425 2110 552 2210 deberi&
563 2163 626 2210 esse
651 2155 680 2210 in
701 2154 800 2228 Epiro,
823 2172 881 2229 quo
907 2172 1001 2229 neque

64 2251 168 2326 Hispo
179 2250 286 2307 veniret
299 2268 354 2307 nec
367 2250 485 2319 milites,
496 2249 547 2307 sed
562 2250 657 2308 adbuc
672 2239 805 2309 Plancius
819 2262 866 2308 me
883 2253 1002 2324 retinet,

64 2357 162 2424 sperat
176 2365 264 2421 posse
285 2347 353 2417 fieri,
377 2357 411 2404 ut
429 2360 546 2405 mecum
565 2347 595 2404 in
616 2348 728 2405 Italiam
750 2349 891 2407 decedat:
916 2360 1004 2426 quem

65 2463 126 2522 ego
138 2446 216 2503 diem
231 2445 255 2502 si
268 2445 367 2503 videro
381 2455 410 2502 et
424 2447 447 2504 si
461 2446 492 2502 in
506 2455 634 2503 vestrum
650 2446 835 2521 complexum
849 2457 955 2506 venero
970 2465 1004 2508 ae

66 2545 92 2603 si
113 2553 147 2602 et
165 2562 217 2601 vos
236 2553 264 2600 et
287 2556 335 2601 me
359 2545 455 2619 ipsum
478 2546 749 2620 recuperaremus
772 2557 910 2621 magnum
935 2547 1010 2604 rnibi

67 2642 194 2699 fructum
207 2640 326 2715 videbor
339 2642 507 2716 percepisse
518 2651 547 2700 et
560 2649 669 2701 vestrae
683 2642 796 2716 pietatis
810 2647 840 2700 ει
851 2655 940 2702 meae
978 2664 1005 2716 4.

68 2726 184 2797 Pisoli‘is
192 2718 371 2809 liumsnitas
385 2739 481 2809 virtus,
497 2750 579 2796 amor
592 2741 623 2797 in
642 2754 744 2797 ornnes
764 2758 818 2798 nos
840 2748 936 2800 tantus
954 2752 1006 2813 est,

68 2847 101 2894 ut
127 2835 199 2892 nihil
225 2853 312 2911 supra
335 2837 446 2910 possit:
478 2838 589 2894 utinam
614 2854 650 2894 ea·
677 2855 723 2894 res
744 2838 771 2895 ei
793 2820 931 2914 iotuptau
910 2842 1006 2898 rsit!

70 2934 182 3008 gloriae·
202 2933 320 3008 quidem
344 2933 429 2991 video
452 2922 522 2991 fore.
573 2933 622 2992 De-
645 2933 681 3005 Q.
708 2927 792 2993 fraere
815 2937 883 2994 nihil
905 2952 961 3013 ego
980 2949 1011 2996 te·

72 3032 216 3100 accusavi,
231 3029 281 3088 sed
301 3050 366 3101 vos,
378 3049 445 3088 cum
466 3033 636 3107 praesertim
656 3042 717 3089 tans
735 3034 821 3108 pauci
843 3036 911 3104 sitis,
933 3035 1012 3092 volui⁴

71 3144 136 3188 esse
150 3146 240 3203 quarn
254 3129 512 3186 coniunctissimos
558 3143 583 3203 5.
607 3119 722 3201 Quibus
736 3149 784 3188 me
798 3129 911 3190 voluisti
925 3150 1012 3208 agere

71 3227 193 3302 gratias,
214 3226 260 3301 egi
281 3237 310 3283 et
330 3242 377 3284 me
405 3245 423 3284 a
450 3236 478 3284 te
507 3227 658 3286 certiorem
682 3228 789 3286 laetum
814 3243 877 3288 esse
901 3231 1009 3305 scripsi.

75 3323 166 3395 Quod
181 3323 219 3380 ad
233 3341 291 3393 nae,
303 3341 369 3381 mea
383 3324 530 3394 Terentia,
546 3326 649 3383 scribis
663 3332 694 3383 te·
708 3327 802 3385 vicum
823 3328 1011 3397 venditurun,

74 3421 156 3498 quid,
171 3421 299 3478 obsecro
312 3430 438 3492 te,-me
458 3422 595 3478 miserum
604 3423 730 3500 ra-quid-
747 3417 873 3483 futurum
894 3427 955 3484 est?
976 3434 1012 3498 et,

539 3537 558 3578 tt
