2356 3810
193 224 214 290 a
463 229 503 284 M.
528 231 647 283 ruxrrr
667 233 854 283 crosxoms
996 220 1097 303 ψη,
1110 236 1128 286 1.

124 461 126 463 .
194 398 304 470 petunt,
332 389 440 452 Caesar
471 400 565 450 certus
599 401 722 468 putatur.
762 391 909 451 Thermus
938 409 1005 451 cum
1033 391 1130 451 Silano

195 489 370 550 contendere
397 489 579 561 existimatur,
605 490 655 566 qui
677 491 718 548 sic
742 490 846 566 inopes
873 499 902 548 et
924 491 962 548 ab
983 489 1086 549 amicis
1105 500 1131 550 et

195 588 230 648 ab
244 587 453 647 existimatione
473 597 548 658 sunt,
563 597 594 646 ut
608 587 686 645 mihi
706 588 834 647 videatur
854 605 914 647 non
928 607 992 647 esse
1012 589 1131 645 ἀδύνατοι

196 687 317 746 Curium
333 685 486 744 obducere.
528 685 586 744 Sed
606 685 662 744 hoc
683 695 796 762 praeter
816 705 863 744 me
884 687 993 744 nemini
1013 687 1130 746 videtur.

197 784 311 843 Nostris
331 783 491 842 rationibus
512 783 637 841 maxime
658 783 821 842 conducere
843 785 953 843 videtur
971 783 1131 843 Thermum

193 882 258 943 fieri
285 899 353 940 cum
380 879 506 943 Caesare
517 899 525 953 ;
549 897 637 938 nemo
664 890 708 939 est
735 867 814 938 enim
842 900 879 939 ex
906 882 950 952 iis,
978 882 1028 958 qui
1057 900 1131 940 nunc

196 987 306 1055 petunt,
327 979 385 1054 qui,
406 977 431 1037 si
451 977 482 1034 in
501 987 632 1036 nostmm
653 995 762 1035 aunum
779 979 922 1049 reciderit,
937 978 1046 1036 firmior
1068 998 1133 1038 can·

197 1077 311 1135 didatus
335 1075 397 1135 fore
418 1075 554 1146 videatur,
576 1084 730 1150 propterea
753 1076 833 1151 quod
860 1085 974 1134 curator
1001 1086 1046 1134 est
1074 1078 1133 1136 viae

196 1173 364 1244 Flaminiae,
387 1173 491 1250 iquae
518 1191 600 1259 cum,
613 1174 665 1234 erit
699 1173 831 1232 absoluta
859 1191 929 1232 sane
956 1173 1040 1232 facile
1069 1192 1133 1234 eum

198 1271 318 1332 libenter
338 1291 416 1332 nunc
437 1273 524 1332 ceteri
544 1271 656 1331 consuli
677 1272 840 1330 acciderim.
881 1272 1041 1331 Petitorum
1065 1275 1134 1334 haec

199 1380 244 1429 est
270 1369 364 1428 adhuc
390 1370 546 1434 informata
572 1369 717 1445 cogitatio.
759 1369 824 1428 Nos
850 1371 881 1433 in
907 1371 989 1428 omni
1016 1389 1134 1430 munere

200 1467 398 1539 candidatorio
416 1466 565 1543 iungendo
584 1485 727 1525 summam
744 1467 944 1526 adhibebimus
954 1468 1136 1543 diligentiam

199 1575 229 1625 et
249 1564 378 1635 sortasse,
399 1565 539 1642 quoniam
557 1563 668 1622 videtur
689 1563 720 1621 in
740 1564 882 1640 suffragiis
906 1564 1028 1622 multum
1050 1584 1136 1642 posse

201 1663 302 1733 Gallia,
317 1681 384 1720 cum
399 1661 513 1720 Romae
527 1680 545 1720 a
558 1661 668 1719 iudiciis
682 1661 776 1719 lomm
790 1661 935 1733 refrixerit,
951 1681 1136 1723 excurremus

200 1777 302 1818 mense
323 1758 484 1834 Septembri
505 1758 591 1834 legati
611 1758 649 1816 ad
670 1758 815 1829 Pisonem,
835 1770 868 1818 ut
888 1759 1023 1818 Ianuario
1046 1779 1138 1820 rever·

200 1869 312 1917 tamur:
333 1874 401 1915 cum
419 1875 594 1934 perspexero
612 1857 774 1915 voluntates
792 1858 939 1928 nobilium,
955 1859 1083 1949 spribam
1103 1858 1138 1919 ad

201 1963 238 2012 te.
281 1953 385 2013 Cetera
412 1971 497 2032 spero
529 1950 641 2030 prolixa
668 1972 740 2025 esse,
769 1955 814 2012 his
843 1947 993 2035 dd‘mtaxa't
1020 1958 1137 2016 urbanis

201 2052 445 2128 competitoribus.
486 2050 571 2111 Illam
590 2069 711 2109 manum
724 2061 756 2110 tu
776 2052 846 2125 mibi
867 2071 936 2125 cura
956 2038 987 2111 ut
1001 2066 1138 2129 praestes,

202 2151 341 2226 quoniam
361 2149 481 2226 propius
501 2150 578 2220 abes,
600 2148 740 2224 Pompeii,
760 2151 852 2208 nostri
872 2142 973 2209 amici:
996 2169 1076 2228 nega
1095 2142 1148 2210 me

123 2322 127 2329 ι
203 2250 230 2306 ei
243 2250 347 2307 iratum
360 2248 431 2316 fore,
447 2248 470 2307 si
484 2248 522 2306 ad
540 2264 607 2306 mea
620 2247 738 2317 comitia
754 2266 815 2306 non
835 2250 952 2307 venerit.
996 2270 1022 2325 3.
1045 2252 1139 2328 Atque

202 2346 275 2404 haec
295 2345 380 2404 huius
401 2344 483 2402 modi
507 2352 581 2402 sunt.
625 2343 683 2402 Sed
706 2346 851 2420 estquod
876 2347 928 2404 abs
952 2356 980 2404 te
1001 2349 1075 2407 mihi
1100 2351 1139 2424 ig·

203 2443 288 2501 nosci
311 2441 466 2517 pervelim:
497 2439 649 2512 Caecilius,
674 2442 832 2501 avunculus
856 2452 931 2512 tuus,
957 2463 974 2502 a
998 2445 1029 2503 P.
1054 2446 1139 2504 Vario

204 2558 272 2598 cum
292 2557 400 2615 magna
420 2539 544 2615 pecunia
561 2538 746 2610 fraudaretur,
768 2558 854 2615 agere
875 2543 972 2616 coepit
992 2561 1062 2601 cum
1083 2544 1140 2602 eius

200 2636 290 2716 'fratre
310 2637 346 2694 A.
362 2634 487 2695 Caninio
516 2635 617 2712 Satyro
645 2637 682 2695 de
709 2638 744 2695 iis
766 2639 861 2708 rebus,
886 2656 959 2714 quas
983 2657 1053 2697 eum
1075 2640 1140 2700 dolo

205 2734 282 2792 malo
299 2733 445 2810 mancipio
467 2720 613 2810 accepisse
632 2733 668 2792 de
688 2733 778 2793 Vario
796 2736 917 2808 diceret3
939 2755 998 2794 una
1018 2739 1141 2814 agebant

206 2833 295 2892 ceteri
311 2832 475 2903 creditores,
489 2832 520 2903 in
539 2832 644 2908 quibus
663 2841 723 2890 erat
742 2831 780 2889 L.
796 2831 932 2890 Lucullus
952 2843 980 2890 et
997 2833 1028 2891 P.
1048 2834 1142 2911 Scipio

206 2928 287 2998 etia,
309 2943 397 3002 quem
417 2927 558 3002 putabant
579 2926 749 3001 magistrum
773 2926 843 2998 lore,
865 2928 889 2985 si
909 2929 988 2985 bona
1008 2930 1142 2998 venirent,

206 3025 242 3085 L.
256 3024 386 3084 Pontius.
436 3023 546 3082 Verum
582 3023 639 3082 hoc
666 3024 818 3082 ridiculum
838 3035 896 3108 *est
925 3025 961 3083 de
996 3027 1143 3102 magistro.

208 3124 297 3185 Nunc
315 3142 462 3198 cognosce
478 3143 547 3184 rem.
589 3123 716 3200 Rogavit
734 3143 781 3182 me
800 3123 950 3194 Caecilius,
965 3134 997 3182 ut
1014 3127 1145 3184 adessem

209 3233 312 3283 contra
338 3222 486 3298 Satyrum:
514 3223 575 3282 dies
599 3223 658 3281 iere
683 3223 777 3282 nullus
798 3234 842 3282 est
866 3224 936 3298 quin
960 3223 1007 3304 hic
1030 3225 1144 3302 Satyrus

202 3321 332 3390 domum
352 3339 449 3378 meam
469 3322 601 3394 ventitet;
626 3321 760 3378 observat
780 3320 814 3402 L.
829 3320 990 3378 Domitium
1012 3324 1144 3393 maxime,

200 3438 258 3482 ‚me
286 3419 373 3478 habet
398 3419 562 3503 proximum
572 3438 582 3504 ς,
609 3418 662 3479 suit
685 3418 806 3477 etmihi
828 3427 857 3502 et
881 3417 919 3490 Q.
934 3418 1012 3476 fratri
1040 3436 1146 3518 mpgnp
