2348 3788
115 188 280 284 np.7n,77.]
326 206 438 257 seror.
460 207 509 257 an
530 207 821 261 raurmanasrr.
839 215 868 282 9.
908 223 909 227 ¹
992 209 1053 279 175

112 358 241 417 officium
259 357 411 434 neglexisti
429 377 525 435 neque
544 359 613 417 mihi
635 359 812 418 consuluisti.
854 358 959 434 Neque
979 359 1052 416 haec

113 458 189 526 dicO,
211 457 293 532 quod
313 457 440 514 diffidam
461 457 526 516 huic
547 476 660 526 causae,
683 459 735 517 sed
756 459 840 516 crede
862 457 939 527 mihi,
961 458 1053 532 perire

113 555 202 612 satius
227 564 270 612 est
290 572 379 629 quam
401 554 456 612 hos
477 555 579 612 videre,
629 575 655 614 a.
681 553 770 626 Quod
792 556 816 613 si
837 556 923 613 timor
943 564 1053 612 vestrae

113 651 289 710 crudelitatis
309 669 371 708 non
391 662 473 721 esset,
496 652 578 709 eiecti
598 652 657 709 iam
677 652 790 727 pridem
810 652 878 709 hinc
902 669 1052 722 essemus;

113 768 183 807 narn
197 750 243 807 hic
257 769 335 808 nunc
350 761 461 826 praeter
475 751 666 809 faeneratores
686 769 797 826 paucos
814 771 869 810 nec
888 752 979 810 homo
998 771 1052 811 nec

113 847 188 904 ordo
199 848 352 923 quisquam
366 858 410 905 est
423 848 478 905 nisi
492 847 696 924 Pompeianus
730 847 876 924 Equidem
890 849 949 906 iarn
959 849 1052 919 effeci,

112 956 145 1001 ut
159 945 285 1002 maxime
300 945 382 1020 plebs
397 957 433 1015 et,
448 946 498 1020 qui
518 956 603 1002 antea
622 956 721 1003 noster
740 945 800 1014 fuit,
815 947 940 1022 populus
960 956 1052 1005 vester

113 1052 199 1099 esset.
232 1040 308 1099 ‘Cur
322 1041 410 1100 hoc?’
425 1043 527 1118 inquis.
570 1041 667 1100 Immo
681 1042 790 1117 reliqua
804 1053 985 1118 exspectate3
1000 1062 1052 1102 vos

112 1139 218 1196 invitos
238 1140 350 1197 vincere
376 1158 509 1214 coegero,
555 1137 659 1198 Geram
681 1139 800 1197 alterum
821 1158 869 1198 me
891 1138 1051 1199 Catonem:

112 1254 167 1293 vos
181 1236 319 1306 dormitis,
332 1255 425 1312 neque
441 1237 535 1294 adhuc
549 1237 619 1293 mihi
630 1236 765 1294 videmini
779 1236 952 1311 intellegere,
964 1256 1051 1313 quarn

114 1351 170 1391 nos
184 1343 334 1408 pateamus
349 1345 377 1392 et
392 1352 480 1410 quam
494 1336 583 1392 simus
598 1334 740 1392 imbecilli.
768 1333 865 1409 Atque
880 1334 936 1392 hoc
948 1336 1052 1394 nullius

114 1433 233 1506 praemii
255 1451 307 1507 spe
328 1432 441 1501 faciam,
458 1433 517 1501 sed,
533 1432 613 1508 quod
634 1431 712 1507 apud
732 1449 780 1489 me
801 1432 956 1506 plurimum
978 1434 1051 1490 solet

114 1529 216 1597 valere,
226 1529 334 1586 doloris
348 1539 434 1604 atque
449 1529 624 1604 indignitatis
639 1547 734 1587 causa.
770 1528 850 1602 Quid
863 1530 926 1588 istic
940 1529 1051 1589 facitis?
1136 1552 1139 1556 ’

113 1635 256 1711 proelium
278 1636 457 1710 exspectatis,
473 1635 551 1710 quod
571 1635 767 1694 firmissimum
786 1635 892 1695 habet?
933 1637 1051 1696 Vestras

114 1735 215 1808 copias
236 1752 296 1790 non
317 1734 401 1804 novi3
422 1733 514 1791 nostri
533 1732 615 1791 valde
633 1733 800 1810 depugnare
815 1744 844 1794 et
857 1735 941 1795 facile
955 1737 1051 1813 algere

113 1844 143 1890 et
157 1832 262 1889 esurire
276 1841 460 1889 consuerunt.

327 1993 373 2047 77.
402 1987 459 2045 nn
477 1986 727 2048 rnunrnuns
746 1989 800 2048 1x.
815 2009 842 2064 9.

168 2095 232 2156 Sca.
254 2118 285 2157 nr
306 2100 448 2163 Causarus
469 2117 586 2164 casnm
604 2116 708 2163 m
720 2100 803 2161 Maro
822 2120 897 2162 auc
921 2105 988 2178 706.

377 2226 548 2268 nonnarum
567 2224 591 2267 s·
604 2222 632 2269 a
647 2224 788 2295 mm

158 2347 182 2384 1.
205 2326 232 2383 S.
249 2344 275 2383 v.
290 2343 316 2383 c.
332 2343 358 2382 v.
374 2333 402 2382 et
420 2323 515 2382 Tullia
536 2333 639 2382 nostra
655 2333 739 2382 recte
753 2343 778 2382 ν.
798 2323 935 2384 Terentia
955 2327 1051 2386 minus

112 2425 187 2482 belle
201 2425 308 2493 habuit,
321 2423 371 2482 sed
386 2431 495 2481 certum
511 2423 571 2480 scio
585 2422 643 2480 iam
658 2422 837 2481 convaluisse
848 2441 922 2481 eam.
964 2424 1050 2484 Prae-

112 2534 191 2581 terea
204 2523 361 2580 rectissime
376 2529 442 2579 sunt
456 2520 534 2595 apud
548 2529 576 2578 te
595 2519 701 2578 omnia.
742 2520 804 2579 Etsi
823 2508 902 2578 nullo
921 2531 1050 2598 ternpore

112 2623 144 2679 in
168 2622 357 2696 suspitionem
382 2619 432 2676 tibi
458 2618 544 2676 debui
567 2618 663 2676 venire
688 2618 812 2694 partium
840 2637 928 2678 causa
955 2622 1050 2696 potius

111 2737 200 2794 quam
225 2729 275 2776 tua
298 2718 348 2775 tibi
373 2716 500 2786 suadere,
522 2725 553 2773 ut
577 2724 606 2772 te
630 2725 678 2773 aut
706 2733 773 2772 cum
801 2714 925 2774 Caesare
952 2718 1049 2776 nobis-

112 2835 238 2891 cumque
253 2817 443 2889 coniungeres
459 2824 507 2871 aut
522 2822 598 2871 certe
612 2811 642 2868 in
657 2813 748 2869 otium
759 2812 886 2883 referres,
896 2817 1049 2891 praecipue

112 2935 191 2974 nunc
211 2916 268 2972 iarn
287 2914 421 2971 inclinata
439 2912 565 2980 victoria,
579 2929 617 2968 ne
635 2928 755 2985 possum
776 2911 892 2986 quidem
912 2913 942 2969 in
963 2914 1049 2970 ullam

113 3013 198 3071 aliam
214 3012 340 3069 incidere
354 3011 523 3086 opinionem
541 3009 595 3066 nisi
615 3009 645 3065 in
664 3026 737 3077 eam,
753 3009 854 3084 inqua
873 3010 981 3068 scilicet
999 3012 1049 3068 tibi

113 3111 234 3168 suadere
249 3109 353 3177 videar,
368 3107 448 3183 quod
463 3107 509 3182 pie
523 3116 617 3164 tacere
632 3123 692 3163 non
706 3104 832 3180 possim:
849 3115 879 3163 tu
894 3116 998 3175 autem,
1010 3108 1049 3163 mi

114 3206 226 3274 Cicero,
237 3206 277 3263 sic
292 3205 363 3262 haec
379 3205 510 3279 accipies,
520 3213 560 3273 ut,
570 3203 629 3260 sive
642 3202 841 3278 probabuntur
852 3203 902 3260 tibi
916 3203 975 3261 sive
989 3220 1049 3261 non

113 3305 321 3381 probabuntur,
333 3303 370 3359 ab
384 3303 496 3376 optimo
511 3311 587 3359 certe
602 3301 699 3358 animo
714 3318 749 3358 ac
763 3299 942 3357 deditissimo
957 3300 1006 3357 tibi
1021 3310 1049 3358 et

113 3402 240 3477 cogitata
267 3410 295 3458 et
322 3401 427 3475 scripta
454 3416 518 3457 esse
544 3397 661 3457 iudices.
712 3415 738 3456 a.
762 3395 972 3456 Animadvertis
994 3396 1048 3456 Cn.
