2348 3788
54 171 97 233 ap.
110 155 153 239 5.]
259 168 371 218 orror.
389 169 438 217 no
459 167 682 218 rnnrarnnar
706 153 736 219 'a
754 173 784 222 2.
971 167 991 235 7

54 325 124 384 nihil
151 327 181 383 in
209 344 244 385 ea
271 346 302 386 re
328 345 381 403 per
404 326 546 403 collegam
569 343 668 384 meum
691 341 740 383 me
764 324 903 383 insciente
928 341 992 382 esse

55 423 173 481 sactum.
217 423 383 482 Recordare
403 433 499 482 cetera
506 442 514 495 ;
537 423 703 499 quamcito
725 432 857 481 senatum
877 422 925 479 illo
947 422 993 479 die

55 521 132 580 iacta
145 521 292 579 sortitione
306 521 459 597 co'e‘gerim,
469 539 557 597 quam
571 520 660 578 multa
674 521 753 578 dete
767 520 854 577 verba
867 518 994 590 fecerim,

56 637 124 677 cum
138 628 169 676 tu
182 619 244 695 ipse
258 618 329 676 mihi
343 619 437 678 dixisti
451 621 612 677 orationem
626 635 722 675 meam
736 635 797 675 non
811 602 906 674 solum
919 617 950 673 in
966 625 996 674 te

56 715 255 787 honorificam,
277 717 329 775 sed
354 715 440 773 etiam
464 716 494 773 in
519 715 645 790 collegas
667 724 733 772 tuos
755 713 996 771 contumeliosam

56 813 154 873 fuisse.
205 831 234 884 4.
265 812 328 872 Iam
355 812 425 870 illud
452 822 568 872 senatus
592 812 764 881 consultum,
786 811 865 888 quod
889 829 927 870 eo
949 810 996 868 die
1060 880 1064 888 .

57 911 166 969 factum
193 919 246 981 est,
271 928 306 969 ea
333 911 539 987 perscriptione
567 919 618 980 est,
640 919 681 980 ut,
709 909 778 966 dum
806 909 836 966 id
863 909 995 978 exstabit,

57 1009 184 1068 officium
198 1026 297 1066 meum
315 1009 346 1065 in
365 1018 393 1066 te
412 1009 569 1066 obscurum
589 1025 653 1066 esse
672 1024 732 1064 non
751 1006 850 1082 possit.
892 1005 997 1063 Postea

57 1125 126 1165 vero
140 1125 228 1182 quam
242 1105 390 1181 profectus
409 1125 449 1177 es,
463 1107 548 1164 velim
567 1106 727 1175 recordere,
741 1122 816 1179 quae
837 1121 893 1179 ego
913 1104 949 1162 de
968 1114 997 1162 te

58 1206 88 1262 in
104 1212 206 1262 senatu
220 1204 338 1278 egerim,
353 1222 427 1280 quae
441 1203 471 1260 in
486 1203 670 1262 contionibus
685 1201 813 1272 dixerim,
828 1219 901 1277 quas
915 1201 952 1259 ad
969 1211 998 1258 te

57 1302 165 1359 litteras
189 1302 332 1360 miserim:
357 1319 432 1377 quae
454 1319 522 1360 cum
545 1302 644 1358 omnia
666 1300 822 1374 collegeris,
847 1309 908 1356 tum
935 1299 998 1374 ipse

58 1400 145 1456 velim
159 1399 276 1470 iudiceS,
291 1400 397 1458 satisne
411 1399 538 1458 videatur
556 1399 601 1456 his
619 1399 755 1456 omnibus
769 1397 855 1455 rebus
869 1407 934 1454 tuus
948 1396 999 1453 ad&

59 1507 171 1566 ventus,
186 1515 253 1555 curn
267 1497 399 1572 proxime
417 1495 545 1554 Romam
558 1496 668 1566 venisti,
683 1504 782 1552 mutue
802 1494 997 1570 respondisse.

61 1611 89 1667 5.
105 1594 193 1665 Quod
204 1595 303 1652 scribis
315 1594 350 1652 de
361 1594 543 1652 reconciliata
551 1595 649 1669 grana
661 1602 767 1661 nostra,
779 1609 839 1650 non
853 1591 998 1666 intellego,

61 1711 112 1751 cur
125 1692 335 1750 reconciliatam
350 1709 414 1749 esse
428 1691 516 1761 dieas,
526 1709 600 1766 quae
611 1709 770 1766 numquam
785 1690 936 1747 imminuta
946 1702 998 1749 est.

61 1793 89 1847 6.
111 1788 201 1860 Quod
215 1789 316 1848 scribis
330 1807 391 1846 non
405 1789 566 1863 oportuisse
581 1787 731 1846 Metellum
742 1787 856 1845 fratrem
867 1796 948 1844 tuum
959 1789 1000 1845 ob

61 1887 170 1945 dietum
198 1905 215 1944 a
242 1905 289 1943 me
314 1887 485 1961 oppugnari,
508 1886 633 1961 primum
657 1884 714 1942 hoc
738 1885 822 1942 velim
844 1884 999 1952 existimes,

61 1985 190 2042 animum
204 1983 275 2039 mibi
289 1983 375 2041 istum
389 1993 470 2040 tuum
484 1982 668 2040 vehementer
681 1982 797 2058 probari
808 1991 836 2038 et
846 1981 1000 2038 fraternam

61 2082 178 2158 plenam
191 2080 376 2137 humanitatis
390 2098 424 2137 ac
438 2081 550 2154 pietatis
565 2079 756 2147 voluntatem
779 2078 891 2147 deinde,
907 2078 929 2135 si
943 2097 1001 2153 qua

61 2196 119 2254 ego
134 2178 164 2234 in
180 2195 211 2234 re
229 2176 307 2233 fratri
325 2185 375 2233 tuo
394 2176 434 2233 rei
452 2175 584 2251 publicae
601 2193 689 2233 causa
707 2174 864 2243 restiterim,
879 2184 911 2231 ut
930 2173 1000 2231 mihi

62 2278 214 2349 ignoscas;
235 2283 296 2331 tam
317 2274 395 2330 enim
416 2291 481 2331 sum
502 2273 612 2330 amicus
630 2272 671 2330 rei
689 2271 830 2348 publicae,
845 2289 933 2348 quam
951 2273 1001 2346 qui

63 2372 207 2442 maxime;
230 2371 254 2427 si
269 2387 336 2428 vero
350 2387 447 2428 meam
462 2369 583 2428 salutem
600 2378 702 2428 contra
719 2369 792 2426 illius
810 2369 950 2444 impetum
970 2370 1001 2426 in

63 2487 111 2526 me
126 2466 355 2525 crudelissimum
370 2466 556 2537 defenderim,
568 2468 636 2525 satis
650 2466 758 2525 habeas
773 2465 844 2523 nihil
857 2484 904 2524 me
915 2466 1002 2524 etiam

63 2577 161 2623 tecum
189 2565 225 2621 de
254 2564 295 2621 tui
319 2563 412 2621 fratris
436 2564 538 2621 iniuria
562 2563 717 2638 conqueri:
742 2580 829 2638 quem
853 2580 910 2638 ego
935 2580 1003 2620 cum

65 2665 272 2739 comperissem
300 2681 418 2721 omnem
443 2663 488 2722 sui
511 2662 670 2721 tribunatus
694 2672 833 2720 conatum
855 2661 887 2718 in
907 2679 1004 2719 meam

64 2761 222 2839 perniciem
237 2777 336 2835 parare
358 2769 444 2834 atque
462 2759 602 2828 meditari,
617 2759 664 2833 egi
682 2775 749 2816 curn
770 2757 899 2826 Claudia,
914 2775 1005 2815 uxore

66 2873 124 2927 tua,
140 2867 169 2915 et
189 2875 255 2914 cum
270 2867 362 2914 vestra
383 2874 482 2914 sorore
503 2854 610 2924 Mucia,
625 2855 707 2912 cuius
726 2873 795 2929 erga
813 2873 860 2912 me
880 2855 1006 2912 studium

66 2973 121 3032 pro
132 2952 323 3027 Cn.Pompeii
332 2951 542 3010 necessitudine
552 2952 648 3008 multis
660 2951 690 3007 in
700 2951 785 3008 rebus
794 2967 1006 3026 perspexeram,

66 3063 99 3110 ut
113 3068 180 3107 eum
195 3051 231 3107 ab
246 3050 292 3106 illa
309 3049 411 3106 iniuria
430 3049 613 3108 deterrerent.
656 3062 682 3121 7.
705 3048 794 3123 Atqui
814 3047 867 3116 ille,
882 3048 960 3123 quod
978 3056 1007 3106 te

67 3149 184 3208 audisse
207 3156 285 3205 certo
306 3148 368 3216 scio,
389 3164 432 3221 pr.
456 3144 521 3204 Kal.
542 3145 699 3214 Ianuarias
719 3163 777 3220 qua
798 3144 898 3200 iniuria
919 3161 1007 3201 nemo

67 3263 208 3320 umquam
247 3244 277 3300 in
314 3244 436 3300 minimo
474 3243 642 3317 magistratu
676 3241 905 3314 improbissimus
939 3240 1008 3298 civis

69 3343 199 3405 adlectus
219 3351 270 3411 est,
285 3359 320 3400 ea
339 3358 386 3398 me
407 3339 557 3399 consulem
577 3338 690 3409 adiecit,
702 3356 769 3396 curn
788 3356 849 3396 rem
863 3337 1008 3414 publicam
