2356 3810
76 249 121 310 ap.
136 226 189 320 15]
280 243 392 293 sarar.
411 244 460 290 An
483 242 605 304 ourrvr.
624 243 731 294 anan.
752 245 776 292 r.
794 247 822 295 a.
974 247 1016 314 39

76 402 294 461 comburantur.
334 398 396 457 Eae
414 399 521 457 litterae
543 401 594 456 abs
615 409 643 457 te
665 417 716 475 per
736 399 833 457 iocum
853 399 959 457 missae
979 399 1018 457 ad

77 499 114 559 C.
128 498 261 568 Fabium,
276 497 300 555 si
318 498 409 555 modo
428 507 494 555 sunt
515 507 589 566 tuae,
605 516 672 555 cum
693 498 833 572 leguntur,
848 499 1019 556 invidiosam

78 596 259 655 atrocitatem
273 595 427 653 verborum
445 593 572 666 habent,
596 608 622 666 7.
638 612 680 664 ac,
696 595 720 652 si
739 595 871 652 omnium
889 613 1020 655 mearum

78 703 235 772 praecepta
258 692 414 751 litterarum
439 701 561 766 repeteS,
581 692 730 766 intelleges
754 710 818 749 esse
838 692 907 749 nihil
932 712 950 750 a
973 711 1021 751 me

79 793 136 851 nisi
155 791 293 849 orationis
312 790 496 847 acerbitatem
513 800 542 847 et
558 790 735 847 iracundiam
756 800 791 859 et,
811 791 834 847 si
855 790 937 860 forte,
957 810 1022 848 raro

79 890 238 947 litterarum
262 888 416 946 missarum
439 886 646 961 indiligentiam
671 887 891 962 reprehensam:
918 890 1022 964 quibus

80 987 201 1064 quidem
215 986 246 1042 in
260 986 346 1044 rebus
361 985 384 1043 si
398 983 476 1059 apud
489 993 518 1041 te
532 984 597 1059 plus
612 986 767 1042 auctoritas
783 1003 849 1042 mea
867 1005 954 1061 quam
974 999 1024 1046 tua

81 1086 142 1143 sive
157 1094 259 1141 natura
272 1082 360 1158 paulo
374 1082 466 1140 acrior
479 1081 538 1138 sive
553 1081 697 1156 quaedam
716 1081 839 1140 dulcedo
858 1083 1023 1141 iracundiae

82 1183 143 1241 sive
166 1180 281 1239 dicendi
302 1179 344 1237 sal
365 1178 541 1253 facetiaeque
562 1179 725 1249 valuissent,
747 1179 817 1236 nihil
842 1199 913 1238 sane
937 1193 1023 1251 esset,

63 1351 65 1362 Ι
83 1279 165 1357 quod
179 1295 234 1335 nos
248 1276 417 1352 poeniteret.
451 1274 489 1332 Et
504 1275 640 1334 mediocri
654 1295 702 1335 me
717 1277 816 1335 dolore
830 1288 914 1352 putas
930 1280 1023 1349 adfici,

83 1395 153 1436 cum
178 1374 302 1444 audiam,
325 1390 384 1447 qua
407 1373 443 1430 sit
467 1373 677 1431 existimatione
698 1375 849 1450 Vergilius,
873 1395 931 1451 qua
959 1388 1024 1435 tuus

84 1470 196 1527 vicinus
217 1467 251 1526 C.
270 1465 426 1525 Octavius?
448 1485 517 1523 nam
538 1467 562 1524 si
583 1476 611 1523 te
632 1468 814 1526 interioribus
835 1470 935 1528 vicinis
960 1473 1024 1541 tuis,

85 1566 231 1626 Ciliciensi
241 1575 270 1622 et
282 1562 409 1639 Syriam,
420 1565 583 1638 anteponis,
593 1565 674 1622 valde
685 1584 824 1640 magnum
835 1566 906 1624 facis
917 1570 922 1624 !
938 1578 1024 1644 atque

85 1668 111 1724 is
125 1664 208 1723 dolor
221 1672 273 1732 est,
284 1661 363 1736 quod
377 1679 444 1717 cum
458 1661 486 1730 ii,
496 1679 569 1737 quos
583 1663 738 1733 nominavi,
751 1675 778 1720 te
789 1664 954 1723 innocentia
966 1684 1026 1724 non

86 1764 213 1832 vincant,
224 1761 344 1817 vincunt
359 1769 456 1816 tamen
471 1758 590 1815 artificio
605 1760 821 1819 benevolentiae
836 1763 1025 1838 colligendae,

87 1861 138 1936 qui
152 1876 247 1934 neque
259 1855 367 1932 Cyrum
379 1855 584 1930 Xenophontis
595 1875 689 1932 neque
699 1859 868 1933 Agesilaum
879 1862 1026 1930 noverint;

87 1975 214 2035 quorum
236 1973 338 2029 regum
360 1972 475 2012 summo
496 1954 617 2029 imperio
638 1973 726 2012 nemo
748 1974 888 2033 umquam
909 1959 1028 2016 verbum

87 2057 180 2116 ullum
194 2053 323 2129 asperius
337 2052 452 2110 audivit.

129 2152 187 2211 III.
210 2154 236 2208 8.
260 2149 318 2207 Sed
333 2149 404 2206 haec
423 2167 441 2206 a
460 2150 600 2224 principio
619 2151 670 2207 tibi
689 2152 871 2227 praecipiens
890 2166 1029 2229 quantum

88 2249 271 2327 profecerim,
291 2265 350 2304 non
371 2247 491 2320 ignoro:
513 2266 592 2305 nunc
613 2257 712 2306 tamen
731 2249 884 2321 decedens,
904 2252 933 2308 id
951 2253 1030 2328 quod

89 2347 162 2406 mihi
176 2347 235 2403 iam
251 2344 346 2402 faeere
361 2343 473 2413 videris
489 2344 617 2420 relinque
633 2364 742 2419 quaeso
758 2365 846 2422 quam
860 2350 1031 2408 iucundissi-

89 2463 172 2504 mam
189 2443 361 2501 memoriam
384 2443 432 2499 tui.
476 2441 682 2501 Successorem
698 2445 795 2504 *habes
818 2447 1029 2522 perblandum;

91 2552 189 2601 cetera
210 2539 292 2596 valde
317 2539 391 2596 illius
417 2539 540 2597 adventu
565 2551 615 2598 tua
639 2545 826 2617 requirentur.
870 2545 906 2602 In
934 2547 1032 2604 litteris

91 2638 249 2706 mittendis,
271 2642 304 2692 ut
322 2654 409 2712 saepe
431 2637 468 2694 ad
490 2647 517 2694 te
537 2639 647 2713 scripsi,
666 2640 788 2697 nimium
807 2651 835 2699 te
856 2645 1033 2702 exorabilem

93 2733 266 2813 praebuisti:
288 2733 354 2790 tolle
369 2751 480 2803 omnes
496 2735 520 2792 si
539 2746 633 2811 potes,
648 2737 769 2812 iniquaS,
786 2739 853 2796 tolle
875 2742 1032 2813 inusitatas

93 2833 164 2892 tolle
193 2832 361 2890 contrarias.
406 2830 514 2889 Statius
542 2833 612 2890 mihi
642 2836 764 2893 narravit
794 2839 913 2912 scriptas
942 2840 979 2898 ad
1007 2851 1050 2898 te·

95 2929 188 2986 solere
215 2927 327 2998 adferri,
356 2928 393 2985 ab
421 2946 453 2986 se
480 2929 546 3004 legi,
575 2940 611 3000 et,
634 2931 658 2988 si
686 2932 801 3007 iniquae
830 2936 895 3007 sint,
918 2937 978 2994 fieri
1007 2951 1035 2994 te

38 3065 42 3072 -
95 3027 265 3094 certiorem;
288 3034 443 3100 antequam
468 3044 535 3084 vero
563 3021 625 3102 ipse
654 3029 690 3086 ad
718 3040 746 3087 te
771 3032 902 3103 venisset,
926 3035 1037 3093 nullum

96 3123 242 3182 delectum
252 3122 408 3180 litterarum
420 3122 506 3182 fuisse
516 3144 523 3195 ;
539 3144 574 3183 ex
587 3142 622 3182 eo
634 3145 698 3184 esse
710 3127 856 3187 volumina
867 3131 1037 3190 selectarum

96 3221 294 3297 epistolarum,
306 3239 380 3296 quae
395 3224 566 3298 reprehendi
580 3226 712 3284 solerent.
754 3248 780 3301 9.
802 3228 871 3287 Hoc
886 3231 921 3287 de
933 3245 1038 3306 genere

97 3317 169 3376 nihil
184 3328 211 3375 te
226 3336 304 3375 nunc
313 3320 431 3393 quidem
445 3339 573 3394 mone03
591 3340 655 3380 sero
670 3337 712 3381 est
727 3327 812 3395 enim,
822 3345 856 3384 ac
871 3329 943 3386 scire
954 3342 1039 3404 potes

98 3415 191 3472 multa
204 3432 251 3472 me
265 3417 340 3474 varie
356 3417 561 3494 diligenterque
576 3422 740 3480 monuisse:
762 3423 831 3482 illud
847 3435 951 3498 tamen,
962 3430 1041 3504 quod
