2356 3810
31 48 174 105 J·

19 108 48 182 V

184 217 244 278 144
369 222 373 242 =
440 209 491 286 Μ.
517 209 637 257 nurrrr
658 209 859 271 orennours
932 226 938 231 -
994 197 1063 280 [ears
1079 212 1124 260 111.

181 363 315 430 relatore,
331 359 504 435 Pompeium
523 367 552 418 et
572 357 726 417 Caesarem
742 359 879 434 coniungi
896 376 993 435 posse.
1034 357 1126 430 Quod

182 461 206 519 si
227 459 335 517 factum
353 458 413 527 erit,
427 475 476 515 me
496 457 564 515 satis
583 456 686 514 vixisse
706 457 824 532 putabo.
867 476 893 530 3.
915 456 1036 514 Factum
1051 456 1125 515 Cae·

182 557 254 616 saris
270 556 305 613 de
321 554 453 612 Corfinio
466 564 558 612 totum
572 563 600 612 te
614 555 803 630 probaturum
818 553 894 612 scio:
917 571 976 628 quo
989 553 1081 611 modo
1096 554 1125 610 in

182 651 341 711 eiusmodi
360 669 399 722 re,
415 651 716 720 commodiuscadere
731 668 791 708 non
810 651 903 726 potuit
921 668 1009 725 quam
1027 659 1061 707 ut
1079 668 1125 707 res

183 752 244 810 sine
261 750 401 824 sanguine
417 749 562 808 confieret.
574 780 576 786 >
606 749 689 807 Balbi
703 750 760 807 mei
779 750 878 825 tuique
891 749 1017 807 adventu
1031 749 1125 807 delec-

182 856 273 904 tatum
294 856 323 904 te
344 845 426 904 valde
449 846 582 922 gaudeo:
604 847 628 904 is
649 846 849 922 quaecumque
870 847 921 905 tibi
942 846 978 904 de
1000 844 1126 905 Caesare

182 945 252 1002 dixit
267 961 401 1020 quaeque
416 942 523 1001 Caesar
538 944 658 1019 scripsit,
674 944 743 1013 sci0,
757 963 788 1002 re
807 944 857 1001 tibi
878 943 1021 1018 probabit,
1036 960 1125 1019 quae·

181 1059 307 1120 cumque
321 1041 438 1107 fortuna
451 1041 512 1101 eius
527 1041 620 1114 fuerit,
634 1043 781 1101 verissime
795 1043 951 1119 scripsisse.

384 1201 430 1257 59.
472 1197 530 1255 AD
550 1197 745 1257 ATTICUM
758 1197 850 1267 vm.
877 1199 922 1257 16.

234 1310 300 1372 Scn.
320 1311 443 1371 Fonnns
463 1331 528 1370 nn.
543 1330 588 1371 -1v.
610 1311 712 1372 Nouns
733 1311 871 1372 Minurus
892 1331 974 1372 nuc.
998 1326 1065 1388 705.

532 1436 635 1478 crcnno
656 1436 770 1478 nrnco.

225 1551 249 1591 1.
272 1531 374 1592 Ouum
392 1530 463 1589 mihi
482 1532 597 1607 provisa
617 1542 684 1590 sunt
703 1543 816 1608 praeter
829 1533 974 1592 occultum
989 1543 1018 1592 et
1031 1545 1124 1594 tutum

181 1631 233 1688 iter
247 1629 284 1688 ad
298 1647 378 1687 mare
393 1647 545 1704 superum;
567 1628 624 1686 hoc
638 1629 715 1686 enim
736 1630 807 1686 mari
826 1631 867 1688 uti
887 1649 948 1688 non
967 1650 1123 1707 possumus

181 1728 238 1786 hoc
259 1737 390 1802 tempore
411 1727 497 1784 anni:
529 1726 594 1784 illuc
616 1737 721 1796 autem,
743 1745 801 1803 quo
824 1739 934 1803 spectat
954 1730 1067 1789 animus
1095 1742 1124 1789 et

181 1843 240 1900 quo
255 1841 301 1882 res
315 1833 407 1894 vocat,
423 1842 482 1900 qua
495 1825 628 1883 veniam?
650 1824 813 1882 cedendum
833 1826 909 1882 enim
927 1837 971 1884 est
984 1827 1122 1896 celeriter,

181 1942 218 1980 ne
233 1922 306 1980 forte
321 1940 380 1997 qua
397 1940 428 1979 re
447 1922 589 1998 impediar
608 1931 693 1997 atque
708 1922 812 1996 alliger.
856 1922 920 1981 Nec
933 1940 1000 1982 vero
1014 1924 1060 1983 ille
1075 1945 1121 1984 me

183 2021 269 2091 ducit,
285 2021 334 2097 qui
348 2020 467 2092 videtur,
482 2038 569 2096 quem
584 2039 640 2095 ego
659 2019 807 2078 hominem
826 2022 1041 2078 ἀπολιτικώτατον
1059 2043 1122 2082 om-

182 2119 264 2176 nium
279 2119 337 2176 iam
355 2127 421 2176 ante
441 2135 609 2193 cognoram,
624 2135 702 2200 nunc
721 2135 788 2175 vero
802 2119 888 2176 etiam
902 2120 1123 2194 dorparryyndm-

182 2239 234 2274 τον.
277 2213 347 2272 Non
361 2233 409 2272 me
428 2215 513 2290 igitur
527 2215 551 2274 is
565 2214 651 2284 ducit,
666 2213 717 2271 sed
738 2231 834 2272 sermo
848 2215 1007 2286 hominum,
1023 2219 1072 2292 qni
1086 2220 1124 2276 ad

184 2330 232 2370 me
245 2331 264 2368 a
279 2311 432 2370 Philotimo
452 2312 601 2383 scribitur;
623 2311 647 2368 is
668 2310 745 2367 enim
766 2329 812 2368 me
832 2313 869 2369 ab
884 2314 1070 2387 optimatibus
1085 2318 1123 2374 ait

183 2409 342 2468 conscindi.
384 2408 499 2480 Quibus
520 2408 716 2484 optimatibus
739 2408 767 2466 di
788 2409 872 2467 bonil
895 2410 944 2484 qui
965 2428 1043 2468 nunc
1065 2431 1124 2488 quo

183 2505 275 2564 modo
289 2508 460 2563 occurrunt!
482 2523 541 2581 quo
557 2506 646 2562 modo
662 2515 758 2562 autem
778 2523 809 2562 se
828 2507 976 2564 venditant
990 2507 1123 2568 Caesari!

185 2603 347 2678 Municipia
367 2620 435 2660 vero
457 2603 554 2674 deum,
575 2621 630 2660 nec
651 2601 794 2673 simulant,
809 2612 840 2660 ut
861 2622 929 2661 cum
950 2605 986 2662 de
1008 2605 1057 2663 illo
1078 2627 1126 2665 ae·

183 2712 268 2776 groto
290 2710 356 2758 vota
377 2699 528 2758 faciebant.
575 2719 601 2758 2.
625 2699 683 2758 Sed
704 2701 799 2776 plane,
821 2701 959 2777 quicquid
983 2704 1051 2759 mali
1079 2704 1125 2762 hic

184 2797 349 2856 Pisistratus
370 2816 431 2855 non
452 2797 558 2868 fecerit,
580 2806 640 2856 tam
668 2809 782 2874 gratum
803 2809 855 2868 est,
877 2816 965 2873 qnam
992 2801 1016 2857 si
1038 2801 1125 2858 alium

185 2896 279 2954 facere
301 2895 494 2972 prohibuerit;
517 2896 591 2953 hunc
611 2897 767 2972 propitium
789 2906 913 2971 sperant,
928 2897 1007 2954 illum
1021 2898 1126 2956 iratum

184 3003 293 3071 putant.
338 2992 420 3064 Quas
441 2994 502 3051 fieri
529 3011 631 3051 censes
652 2993 805 3063 ἀπαντήσειε
825 3012 862 3051 ex
883 2994 1014 3070 oppidisl
1051 3014 1125 3071 quos

186 3091 333 3150 honoresl
370 3088 540 3148 ‘Metuunt’
568 3091 689 3166 inquies.
740 3089 845 3160 Credo,
874 3092 926 3148 sed
961 3091 1125 3150 mehercule

185 3189 265 3247 illum
284 3187 396 3263 magis:
418 3187 502 3245 huius
522 3188 661 3247 insidiosa
680 3188 832 3247 clementia
851 3188 1037 3257 delectantur,
1052 3188 1126 3247 illius

185 3287 363 3345 iracundiam
384 3285 548 3344 formidant.
590 3286 704 3345 Iudices
725 3287 761 3344 de
782 3305 888 3357 cccnx,
903 3287 951 3362 qui
971 3288 1125 3362 praecipue

185 3383 289 3442 Gnaeo
311 3393 410 3442 nostro
432 3384 654 3456 delectabantur,
669 3403 705 3442 ex
727 3385 830 3462 quibus
852 3385 980 3462 quotidie
1001 3384 1126 3460 aliquem
