2356 3810
184 214 223 282 82
453 225 490 277 rr.
516 225 638 274 rurrrr
660 225 847 274 orosnorvrs
1010 212 1078 299 [na
1093 229 1126 280 11.

184 377 348 446 Caesarem,
360 374 441 453 quasi
454 375 613 433 desciscere
628 393 675 434 me
690 396 708 433 a
722 376 841 451 pristina
855 392 949 434 cansa
993 375 1061 452 Ego
1076 397 1126 438 au·

183 487 242 533 tem
257 493 324 533 cum
338 475 385 532 illa
403 492 517 550 sequor,
533 492 608 550 quae
627 475 715 551 paulo
735 485 801 533 ante
820 476 969 551 proposui,
984 485 1047 534 tum
1070 480 1127 537 hoc

183 591 243 631 non
254 573 285 629 in
298 572 461 647 postremis,
473 572 509 629 de
524 589 584 646 quo
599 590 752 647 coeperam
764 591 918 649 exponere.
947 573 1018 632 Non
1033 576 1127 633 offen·

185 672 236 729 des
247 670 371 728 eundern
381 671 526 728 bonorum
538 688 664 741 sensum,
677 669 807 742 Lentule,
817 690 904 747 quem
918 672 1065 747 reliquisti,
1078 675 1128 750 qui

185 768 371 825 confirmatus
387 768 537 825 consulatu
551 777 660 832 nostro,
675 787 729 825 non
749 786 907 844 numquam
922 778 1026 844 postea
1040 773 1128 829 inter·

184 873 294 940 ruptus,
308 865 439 923 adflictus
458 874 524 922 ante
544 874 572 923 te
592 866 750 936 consulem,
765 875 909 925 recreatus
929 869 982 924 abs
996 877 1033 939 te,
1049 879 1127 928 totus

185 971 228 1019 est
242 980 319 1020 nunc
333 965 371 1021 ab
385 964 427 1035 iis,
443 964 579 1039 aquibus
593 963 718 1020 tuendus
733 962 832 1033 iuerat,
848 962 1000 1022 derelictus
1008 985 1017 1036 3
1039 966 1127 1042 idque

185 1077 247 1116 non
267 1061 360 1118 solum
381 1060 476 1120 fronte
495 1073 581 1138 atque
603 1062 689 1132 voltu,
705 1061 809 1136 quibus
830 1061 973 1120 simulatio
995 1063 1129 1124 facillime

186 1157 348 1228 sustinetur,
364 1158 509 1216 declarant
521 1159 549 1229 ii,
563 1159 612 1234 qui
629 1167 691 1215 tum
705 1167 806 1216 nostro
821 1158 869 1216 illo
884 1169 959 1217 statu
973 1162 1128 1236 optimates

186 1255 415 1326 nominabantur,
437 1256 490 1314 sed
511 1256 596 1314 etiam
618 1255 759 1313 sententia
779 1274 866 1331 saepe
887 1257 945 1314 iam
966 1259 1129 1336 tabellaque

187 1352 354 1411 docuerunt.
400 1356 444 1411 18.
467 1353 569 1428 Itaque
586 1362 646 1410 tota
664 1353 722 1410 iam
742 1354 914 1428 sapientium
929 1355 1042 1427 civium,
1057 1377 1129 1434 qua·

187 1449 244 1506 lem
258 1467 305 1506 me
320 1460 349 1508 et
363 1468 427 1508 esse
445 1461 473 1509 et
490 1452 633 1508 numerari
648 1450 724 1522 vo10,
746 1462 774 1508 et
792 1453 933 1510 sententia
947 1463 975 1511 et
994 1455 1129 1515 voluntas

187 1556 297 1605 mutata
315 1565 381 1606 esse
403 1548 508 1620 debet;
530 1549 560 1606 id
579 1549 658 1607 enim
675 1549 755 1607 iubet
774 1550 852 1607 idem
870 1551 917 1608 ille
933 1551 1025 1623 Plato,
1041 1572 1127 1628 quem

187 1662 243 1720 ego
264 1644 448 1702 vehementer
470 1655 616 1704 auctorem
638 1664 751 1722 sequor,
767 1657 879 1704 tantum
901 1650 1078 1713 contendere
1099 1653 1129 1709 in

187 1761 219 1799 re
245 1743 369 1818 publica,
395 1753 537 1819 quantum
561 1744 685 1820 probare
710 1746 765 1803 tuis
790 1746 899 1804 civibus
922 1748 1039 1822 possis;
1072 1751 1129 1807 vim

188 1858 282 1915 neque
297 1843 408 1916 parenti
423 1860 477 1901 nec
496 1841 604 1916 patriae
624 1841 736 1900 adferre
758 1853 900 1917 oportere.
942 1845 1040 1921 Atque
1054 1845 1129 1905 hanc

187 1937 305 2010 quidem
320 1938 365 1995 ille
381 1956 499 1997 causam
521 1939 574 1996 sibi
595 1939 633 1996 ait
653 1957 713 1997 non
731 1940 916 2014 attingendae
935 1942 975 1999 rei
996 1943 1129 2018 publicae

187 2035 283 2106 luisse,
295 2037 383 2113 quod,
395 2055 462 2094 cum
477 2037 645 2095 offendisset
658 2037 799 2113 populum
814 2037 1022 2098 Atheniensem
1037 2061 1130 2119 prope

187 2135 246 2192 iam
270 2135 460 2211 desipientem
489 2143 644 2205 senectute,
671 2129 810 2215 [cumque
838 2153 906 2193 eum
933 2155 987 2196 nec
1012 2157 1130 2215 persua·

190 2231 286 2290 dendo
307 2250 362 2290 nec
384 2233 519 2308 cogendo
539 2233 600 2308 regi
620 2250 708 2309 posse
722 2227 860 2314 vidisset]
876 2252 942 2291 cum
963 2238 1130 2311 persuaderi

188 2347 276 2404 posse
288 2329 435 2402 diffideret,
450 2333 516 2407 cogi
530 2330 574 2390 las
588 2348 652 2389 esse
666 2348 728 2388 non
743 2331 931 2390 arbitraretur.
973 2333 1044 2393 Mea
1058 2338 1129 2395 ratio

188 2426 325 2496 initalia,
349 2428 429 2502 quod
451 2446 545 2503 neque
571 2428 730 2505 desipiente
755 2428 865 2504 populo
887 2447 942 2488 nec
964 2430 1077 2506 integra
1101 2452 1130 2491 re

188 2524 259 2582 mihi
273 2524 310 2582 ad
324 2524 533 2583 consulendum
552 2543 772 2601 capesseremne
791 2544 851 2583 rem
870 2527 1017 2601 publicam
1038 2530 1131 2606 impli-

190 2630 271 2696 catus
286 2622 420 2695 tenebar;
442 2623 494 2681 sed
512 2623 632 2681 laetatus
650 2633 748 2680 tamen
767 2640 839 2693 sum,
855 2625 935 2699 quod
950 2625 1019 2682 mihi
1033 2626 1132 2685 liceret

190 2720 220 2776 in
234 2719 336 2778 eadem
351 2738 438 2779 causa
451 2731 480 2779 et
501 2721 571 2778 mihi
584 2721 663 2778 utilia
683 2729 712 2778 et
731 2721 820 2779 cuivis
838 2722 918 2779 bono
938 2732 1017 2781 recta
1031 2724 1131 2783 defen-

191 2816 267 2875 dere.
309 2817 378 2877 Huc
399 2819 519 2876 accessit
540 2818 799 2877 commemoranda
820 2819 964 2893 quaedam
985 2830 1013 2878 et
1036 2822 1132 2881 divina

192 2913 322 2973 Caesaris
343 2917 373 2973 in
393 2933 441 2974 me
461 2915 635 2992 fratremque
656 2933 754 2973 meum
776 2915 949 2974 liberalitas:
979 2920 1029 2994 qui
1050 2920 1130 2990 mihi,

191 3030 389 3089 quascumque
411 3031 457 3071 res
481 3023 600 3089 gereret,
624 3014 748 3072 tuendus
773 3023 850 3072 esset
861 3032 870 3086 3
901 3032 979 3074 nunc
1000 3017 1133 3075 intanta

192 3111 324 3170 felicitate
338 3112 481 3188 tantisque
495 3112 627 3183 victoriis,
643 3113 728 3169 etiam
747 3113 771 3170 si
792 3113 822 3170 in
842 3131 897 3171 nos
918 3131 979 3172 non
1000 3114 1025 3172 is
1047 3125 1132 3185 esset,

192 3211 242 3286 qui
264 3219 316 3281 est,
336 3219 434 3268 tamen
458 3210 605 3269 ornandus
626 3211 776 3269 videretur.
819 3209 866 3269 Sic
888 3211 966 3269 enim
987 3221 1015 3270 te
1037 3213 1133 3271 existi·

192 3326 272 3366 mare
285 3307 379 3378 velim,
400 3325 467 3365 cum
486 3326 504 3366 a
522 3308 604 3365 vobis
623 3326 706 3366 meae
724 3308 822 3367 salutis
843 3309 1008 3367 auctoribus
1026 3309 1134 3369 disces-

194 3405 288 3478 serim,
299 3404 446 3464 neminem
460 3422 532 3478 esse,
545 3405 626 3464 cuius
640 3405 741 3464 officiis
755 3424 803 3464 me
817 3415 877 3464 tarn
892 3424 955 3465 esse
970 3406 1135 3466 devinctum
