<?xml version="1.0" encoding="UTF-8"?>
<!DOCTYPE html PUBLIC "-//W3C//DTD XHTML 1.0 Transitional//EN"
    "http://www.w3.org/TR/xhtml1/DTD/xhtml1-transitional.dtd">
<html xmlns="http://www.w3.org/1999/xhtml" xml:lang="en" lang="en">
 <head>
  <title>
</title>
<meta http-equiv="Content-Type" content="text/html;charset=utf-8" />
  <meta name='ocr-system' content='tesseract 3.04.00' />
  <meta name='ocr-capabilities' content='ocr_page ocr_carea ocr_par ocr_line ocrx_word'/>
</head>
<body>
  <div class='ocr_page' id='page_1' title='image "./epistolaeselect01cicegoog/epistolaeselect01cicegoog_0154.png"; bbox 0 0 2356 3810; ppageno 0'>
   <div class='ocr_carea' id='block_1_1' title="bbox 119 222 1058 309">
    <p class='ocr_par' dir='ltr' id='par_1_1' title="bbox 119 222 1058 309">
     <span class='ocr_line' id='line_1_1' title="bbox 119 222 1058 309; baseline 0.004 -22"><span class='ocrx_word' id='word_1_1' title='bbox 119 222 180 308; x_wconf 85' lang='lat'>138</span> <span class='ocrx_word' id='word_1_2' title='bbox 368 233 407 286; x_wconf 77' lang='lat' dir='ltr'>M.</span> <span class='ocrx_word' id='word_1_3' title='bbox 433 234 554 286; x_wconf 80' lang='lat' dir='ltr'>rvrrrr</span> <span class='ocrx_word' id='word_1_4' title='bbox 574 237 761 286; x_wconf 78' lang='lat' dir='ltr'>orcnnonrs</span> <span class='ocrx_word' id='word_1_5' title='bbox 932 223 997 309; x_wconf 63' lang='lat' dir='ltr'>[nn</span> <span class='ocrx_word' id='word_1_6' title='bbox 1013 239 1058 291; x_wconf 87' lang='lat' dir='ltr'>nr.</span> 
     </span>
    </p>
   </div>
   <div class='ocr_carea' id='block_1_2' title="bbox 114 393 1058 1934">
    <p class='ocr_par' dir='ltr' id='par_1_2' title="bbox 114 393 1058 1934">
     <span class='ocr_line' id='line_1_2' title="bbox 117 393 1057 468; baseline -0.003 -15"><span class='ocrx_word' id='word_1_7' title='bbox 117 393 254 453; x_wconf 86' lang='lat' dir='ltr'><strong>Gnaeum</strong></span> <span class='ocrx_word' id='word_1_8' title='bbox 272 401 404 452; x_wconf 90' lang='lat' dir='ltr'>nostrum</span> <span class='ocrx_word' id='word_1_9' title='bbox 425 395 657 466; x_wconf 89' lang='lat' dir='ltr'>commissurum,</span> <span class='ocrx_word' id='word_1_10' title='bbox 671 404 704 454; x_wconf 91' lang='lat' dir='ltr'>ut</span> <span class='ocrx_word' id='word_1_11' title='bbox 724 393 886 454; x_wconf 91' lang='lat' dir='ltr'>Domitium</span> <span class='ocrx_word' id='word_1_12' title='bbox 906 393 1057 468; x_wconf 88' lang='lat' dir='ltr'>relinquat,</span> 
     </span>
     <span class='ocr_line' id='line_1_3' title="bbox 115 490 1058 567; baseline -0.003 -17"><span class='ocrx_word' id='word_1_13' title='bbox 115 492 169 550; x_wconf 90' lang='lat' dir='ltr'>etsi</span> <span class='ocrx_word' id='word_1_14' title='bbox 204 490 391 550; x_wconf 86' lang='lat' dir='ltr'><strong>Brundisium</strong></span> <span class='ocrx_word' id='word_1_15' title='bbox 427 491 596 567; x_wconf 88' lang='lat' dir='ltr'>Scipionem</span> <span class='ocrx_word' id='word_1_16' title='bbox 633 511 701 552; x_wconf 90' lang='lat' dir='ltr'>curn</span> <span class='ocrx_word' id='word_1_17' title='bbox 739 493 906 552; x_wconf 90' lang='lat' dir='ltr'>cohortibus</span> <span class='ocrx_word' id='word_1_18' title='bbox 943 492 1058 550; x_wconf 91' lang='lat' dir='ltr'>duabus</span> 
     </span>
     <span class='ocr_line' id='line_1_4' title="bbox 115 587 1056 664; baseline -0.001 -19"><span class='ocrx_word' id='word_1_19' title='bbox 115 590 310 663; x_wconf 83' lang='lat' dir='ltr'>praemiserat,</span> <span class='ocrx_word' id='word_1_20' title='bbox 329 589 476 664; x_wconf 86' lang='lat' dir='ltr'>legionem</span> <span class='ocrx_word' id='word_1_21' title='bbox 498 608 518 646; x_wconf 87' lang='lat' dir='ltr'>a</span> <span class='ocrx_word' id='word_1_22' title='bbox 537 589 645 648; x_wconf 89' lang='lat' dir='ltr'>Fausto</span> <span class='ocrx_word' id='word_1_23' title='bbox 663 589 859 664; x_wconf 85' lang='lat' dir='ltr'>conscriptam</span> <span class='ocrx_word' id='word_1_24' title='bbox 878 590 908 647; x_wconf 94' lang='lat' dir='ltr'>in</span> <span class='ocrx_word' id='word_1_25' title='bbox 928 587 1056 646; x_wconf 89' lang='lat' dir='ltr'>Siciliam</span> 
     </span>
     <span class='ocr_line' id='line_1_5' title="bbox 115 685 1057 762; baseline 0.001 -21"><span class='ocrx_word' id='word_1_26' title='bbox 115 686 168 742; x_wconf 92' lang='lat' dir='ltr'>sibi</span> <span class='ocrx_word' id='word_1_27' title='bbox 189 685 303 761; x_wconf 91' lang='lat' dir='ltr'>placere</span> <span class='ocrx_word' id='word_1_28' title='bbox 325 704 343 744; x_wconf 88' lang='lat' dir='ltr'>a</span> <span class='ocrx_word' id='word_1_29' title='bbox 363 686 483 745; x_wconf 89' lang='lat' dir='ltr'>consule</span> <span class='ocrx_word' id='word_1_30' title='bbox 503 686 571 745; x_wconf 89' lang='lat' dir='ltr'>duci</span> <span class='ocrx_word' id='word_1_31' title='bbox 592 686 744 762; x_wconf 84' lang='lat' dir='ltr'>scripserat</span> <span class='ocrx_word' id='word_1_32' title='bbox 768 687 807 745; x_wconf 90' lang='lat' dir='ltr'>ad</span> <span class='ocrx_word' id='word_1_33' title='bbox 831 685 983 759; x_wconf 88' lang='lat' dir='ltr'>consules;</span> <span class='ocrx_word' id='word_1_34' title='bbox 1005 686 1057 743; x_wconf 91' lang='lat' dir='ltr'>sed</span> 
     </span>
     <span class='ocr_line' id='line_1_6' title="bbox 114 781 1058 858; baseline 0.001 -19"><span class='ocrx_word' id='word_1_35' title='bbox 114 793 197 858; x_wconf 90' lang='lat' dir='ltr'>turpe</span> <span class='ocrx_word' id='word_1_36' title='bbox 216 782 378 841; x_wconf 90' lang='lat' dir='ltr'>Domitium</span> <span class='ocrx_word' id='word_1_37' title='bbox 397 783 491 842; x_wconf 86' lang='lat' dir='ltr'>deseri</span> <span class='ocrx_word' id='word_1_38' title='bbox 509 783 712 858; x_wconf 88' lang='lat' dir='ltr'>implorantem</span> <span class='ocrx_word' id='word_1_39' title='bbox 733 785 794 842; x_wconf 91' lang='lat' dir='ltr'>eius</span> <span class='ocrx_word' id='word_1_40' title='bbox 816 783 962 841; x_wconf 87' lang='lat' dir='ltr'>auxilium.</span> <span class='ocrx_word' id='word_1_41' title='bbox 1003 781 1058 840; x_wconf 85' lang='lat' dir='ltr'>Est</span> 
     </span>
     <span class='ocr_line' id='line_1_7' title="bbox 115 880 1056 956; baseline -0.001 -19"><span class='ocrx_word' id='word_1_42' title='bbox 115 881 259 955; x_wconf 85' lang='lat' dir='ltr'>quaedam</span> <span class='ocrx_word' id='word_1_43' title='bbox 277 898 352 956; x_wconf 91' lang='lat' dir='ltr'>spes,</span> <span class='ocrx_word' id='word_1_44' title='bbox 367 881 438 939; x_wconf 90' lang='lat' dir='ltr'>mihi</span> <span class='ocrx_word' id='word_1_45' title='bbox 452 881 570 956; x_wconf 90' lang='lat' dir='ltr'>quidem</span> <span class='ocrx_word' id='word_1_46' title='bbox 589 898 649 938; x_wconf 91' lang='lat' dir='ltr'>non</span> <span class='ocrx_word' id='word_1_47' title='bbox 668 898 785 955; x_wconf 87' lang='lat' dir='ltr'>magna,</span> <span class='ocrx_word' id='word_1_48' title='bbox 800 880 853 939; x_wconf 91' lang='lat' dir='ltr'>sed</span> <span class='ocrx_word' id='word_1_49' title='bbox 872 881 901 938; x_wconf 90' lang='lat' dir='ltr'>in</span> <span class='ocrx_word' id='word_1_50' title='bbox 921 880 965 939; x_wconf 92' lang='lat' dir='ltr'>his</span> <span class='ocrx_word' id='word_1_51' title='bbox 984 880 1056 938; x_wconf 87' lang='lat' dir='ltr'>locis</span> 
     </span>
     <span class='ocr_line' id='line_1_8' title="bbox 115 977 1056 1054; baseline 0 -19"><span class='ocrx_word' id='word_1_52' title='bbox 115 978 205 1048; x_wconf 90' lang='lat' dir='ltr'>firma,</span> <span class='ocrx_word' id='word_1_53' title='bbox 230 978 381 1036; x_wconf 83' lang='lat' dir='ltr'>Afranium</span> <span class='ocrx_word' id='word_1_54' title='bbox 405 979 436 1036; x_wconf 94' lang='lat' dir='ltr'>in</span> <span class='ocrx_word' id='word_1_55' title='bbox 460 977 609 1054; x_wconf 87' lang='lat' dir='ltr'>Pyrenaeo</span> <span class='ocrx_word' id='word_1_56' title='bbox 633 997 701 1036; x_wconf 91' lang='lat' dir='ltr'>curn</span> <span class='ocrx_word' id='word_1_57' title='bbox 725 979 876 1037; x_wconf 91' lang='lat' dir='ltr'>Trebonio</span> <span class='ocrx_word' id='word_1_58' title='bbox 900 996 1056 1054; x_wconf 86' lang='lat' dir='ltr'>pugnasse,</span> 
     </span>
     <span class='ocr_line' id='line_1_9' title="bbox 114 1074 1057 1149; baseline 0 -17"><span class='ocrx_word' id='word_1_59' title='bbox 114 1074 230 1149; x_wconf 91' lang='lat' dir='ltr'>pulsum</span> <span class='ocrx_word' id='word_1_60' title='bbox 253 1074 444 1147; x_wconf 91' lang='lat' dir='ltr'>Trebonium,</span> <span class='ocrx_word' id='word_1_61' title='bbox 468 1076 555 1133; x_wconf 92' lang='lat' dir='ltr'>etiam</span> <span class='ocrx_word' id='word_1_62' title='bbox 577 1074 700 1133; x_wconf 87' lang='lat' dir='ltr'>Fabium</span> <span class='ocrx_word' id='word_1_63' title='bbox 722 1084 803 1135; x_wconf 83' lang='lat' dir='ltr'>tuum</span> <span class='ocrx_word' id='word_1_64' title='bbox 828 1077 964 1135; x_wconf 87' lang='lat' dir='ltr'>transisse</span> <span class='ocrx_word' id='word_1_65' title='bbox 989 1094 1057 1134; x_wconf 91' lang='lat' dir='ltr'>curn</span> 
     </span>
     <span class='ocr_line' id='line_1_10' title="bbox 115 1171 1057 1248; baseline -0.001 -18"><span class='ocrx_word' id='word_1_66' title='bbox 115 1171 292 1245; x_wconf 89' lang='lat' dir='ltr'>cohortibus,</span> <span class='ocrx_word' id='word_1_67' title='bbox 310 1192 425 1233; x_wconf 89' lang='lat' dir='ltr'>summa</span> <span class='ocrx_word' id='word_1_68' title='bbox 446 1183 551 1244; x_wconf 90' lang='lat' dir='ltr'>autern,</span> <span class='ocrx_word' id='word_1_69' title='bbox 571 1172 724 1231; x_wconf 77' lang='lat' dir='ltr'>Afranium</span> <span class='ocrx_word' id='word_1_70' title='bbox 745 1192 813 1232; x_wconf 92' lang='lat' dir='ltr'>cum</span> <span class='ocrx_word' id='word_1_71' title='bbox 829 1174 945 1248; x_wconf 86' lang='lat' dir='ltr'>magnis</span> <span class='ocrx_word' id='word_1_72' title='bbox 964 1175 1057 1248; x_wconf 90' lang='lat' dir='ltr'>copiis</span> 
     </span>
     <span class='ocr_line' id='line_1_11' title="bbox 115 1269 1056 1346; baseline 0 -18"><span class='ocrx_word' id='word_1_73' title='bbox 115 1269 285 1330; x_wconf 87' lang='lat' dir='ltr'>adventare:</span> <span class='ocrx_word' id='word_1_74' title='bbox 306 1271 337 1331; x_wconf 91' lang='lat' dir='ltr'>id</span> <span class='ocrx_word' id='word_1_75' title='bbox 358 1273 382 1331; x_wconf 94' lang='lat' dir='ltr'>si</span> <span class='ocrx_word' id='word_1_76' title='bbox 402 1281 453 1343; x_wconf 90' lang='lat' dir='ltr'>est,</span> <span class='ocrx_word' id='word_1_77' title='bbox 473 1271 502 1329; x_wconf 91' lang='lat' dir='ltr'>in</span> <span class='ocrx_word' id='word_1_78' title='bbox 524 1271 607 1329; x_wconf 88' lang='lat' dir='ltr'>Italia</span> <span class='ocrx_word' id='word_1_79' title='bbox 630 1270 752 1330; x_wconf 87' lang='lat' dir='ltr'>fortasse</span> <span class='ocrx_word' id='word_1_80' title='bbox 777 1272 948 1330; x_wconf 88' lang='lat' dir='ltr'>manebitur.</span> <span class='ocrx_word' id='word_1_81' title='bbox 990 1271 1056 1346; x_wconf 84' lang='lat' dir='ltr'>Ego</span> 
     </span>
     <span class='ocr_line' id='line_1_12' title="bbox 115 1367 1057 1446; baseline 0 -20"><span class='ocrx_word' id='word_1_82' title='bbox 115 1379 221 1440; x_wconf 88' lang='lat' dir='ltr'>autem,</span> <span class='ocrx_word' id='word_1_83' title='bbox 246 1387 314 1428; x_wconf 89' lang='lat' dir='ltr'>cum</span> <span class='ocrx_word' id='word_1_84' title='bbox 342 1379 419 1428; x_wconf 88' lang='lat' dir='ltr'>esset</span> <span class='ocrx_word' id='word_1_85' title='bbox 442 1370 582 1428; x_wconf 90' lang='lat' dir='ltr'>incertum</span> <span class='ocrx_word' id='word_1_86' title='bbox 606 1369 660 1428; x_wconf 90' lang='lat' dir='ltr'>iter</span> <span class='ocrx_word' id='word_1_87' title='bbox 674 1367 824 1441; x_wconf 86' lang='lat' dir='ltr'>Caesaris,</span> <span class='ocrx_word' id='word_1_88' title='bbox 847 1368 928 1446; x_wconf 89' lang='lat' dir='ltr'>quod</span> <span class='ocrx_word' id='word_1_89' title='bbox 949 1369 994 1427; x_wconf 89' lang='lat' dir='ltr'>vel</span> <span class='ocrx_word' id='word_1_90' title='bbox 1019 1369 1057 1427; x_wconf 90' lang='lat' dir='ltr'>ad</span> 
     </span>
     <span class='ocr_line' id='line_1_13' title="bbox 116 1463 1056 1543; baseline 0.002 -20"><span class='ocrx_word' id='word_1_91' title='bbox 116 1463 248 1541; x_wconf 90' lang='lat' dir='ltr'>Capuam</span> <span class='ocrx_word' id='word_1_92' title='bbox 266 1466 311 1524; x_wconf 92' lang='lat' dir='ltr'>vel</span> <span class='ocrx_word' id='word_1_93' title='bbox 332 1466 370 1525; x_wconf 93' lang='lat' dir='ltr'>ad</span> <span class='ocrx_word' id='word_1_94' title='bbox 391 1466 544 1526; x_wconf 90' lang='lat' dir='ltr'>Luceriam</span> <span class='ocrx_word' id='word_1_95' title='bbox 567 1468 657 1526; x_wconf 87' lang='lat' dir='ltr'>iturus</span> <span class='ocrx_word' id='word_1_96' title='bbox 681 1467 844 1542; x_wconf 84' lang='lat' dir='ltr'>putabatur,</span> <span class='ocrx_word' id='word_1_97' title='bbox 865 1465 990 1543; x_wconf 90' lang='lat' dir='ltr'>Leptam</span> <span class='ocrx_word' id='word_1_98' title='bbox 1018 1468 1056 1525; x_wconf 89' lang='lat' dir='ltr'>ad</span> 
     </span>
     <span class='ocr_line' id='line_1_14' title="bbox 115 1561 1056 1640; baseline 0.002 -20"><span class='ocrx_word' id='word_1_99' title='bbox 115 1561 288 1639; x_wconf 87' lang='lat' dir='ltr'>Pompeium</span> <span class='ocrx_word' id='word_1_100' title='bbox 322 1564 388 1623; x_wconf 91' lang='lat' dir='ltr'>misi</span> <span class='ocrx_word' id='word_1_101' title='bbox 418 1570 445 1622; x_wconf 81' lang='lat' dir='ltr'>et</span> <span class='ocrx_word' id='word_1_102' title='bbox 471 1565 585 1636; x_wconf 90' lang='lat' dir='ltr'>litteras,</span> <span class='ocrx_word' id='word_1_103' title='bbox 620 1564 692 1640; x_wconf 89' lang='lat' dir='ltr'>ipse,</span> <span class='ocrx_word' id='word_1_104' title='bbox 727 1582 766 1624; x_wconf 90' lang='lat' dir='ltr'>ne</span> <span class='ocrx_word' id='word_1_105' title='bbox 797 1581 857 1640; x_wconf 92' lang='lat' dir='ltr'>quo</span> <span class='ocrx_word' id='word_1_106' title='bbox 888 1565 1056 1635; x_wconf 89' lang='lat' dir='ltr'>inciderem,</span> 
     </span>
     <span class='ocr_line' id='line_1_15' title="bbox 115 1661 1055 1738; baseline 0.003 -20"><span class='ocrx_word' id='word_1_107' title='bbox 115 1662 217 1719; x_wconf 92' lang='lat' dir='ltr'>reverti</span> <span class='ocrx_word' id='word_1_108' title='bbox 237 1661 378 1720; x_wconf 85' lang='lat' dir='ltr'>Formias.</span> <span class='ocrx_word' id='word_1_109' title='bbox 414 1661 498 1721; x_wconf 90' lang='lat' dir='ltr'>Haec</span> <span class='ocrx_word' id='word_1_110' title='bbox 511 1671 540 1720; x_wconf 90' lang='lat' dir='ltr'>te</span> <span class='ocrx_word' id='word_1_111' title='bbox 554 1662 628 1720; x_wconf 90' lang='lat' dir='ltr'>scire</span> <span class='ocrx_word' id='word_1_112' title='bbox 646 1661 723 1720; x_wconf 92' lang='lat' dir='ltr'>volui</span> <span class='ocrx_word' id='word_1_113' title='bbox 738 1662 896 1738; x_wconf 91' lang='lat' dir='ltr'>scripsique</span> <span class='ocrx_word' id='word_1_114' title='bbox 911 1661 1055 1721; x_wconf 86' lang='lat' dir='ltr'>sedatiore</span> 
     </span>
     <span class='ocr_line' id='line_1_16' title="bbox 115 1758 1057 1835; baseline 0.002 -20"><span class='ocrx_word' id='word_1_115' title='bbox 115 1758 221 1829; x_wconf 90' lang='lat' dir='ltr'>animo,</span> <span class='ocrx_word' id='word_1_116' title='bbox 236 1776 325 1834; x_wconf 89' lang='lat' dir='ltr'>quarn</span> <span class='ocrx_word' id='word_1_117' title='bbox 340 1759 472 1835; x_wconf 85' lang='lat' dir='ltr'>proxime</span> <span class='ocrx_word' id='word_1_118' title='bbox 486 1758 791 1835; x_wconf 76' lang='lat' dir='ltr'>scripseramuulIum</span> <span class='ocrx_word' id='word_1_119' title='bbox 805 1777 904 1818; x_wconf 90' lang='lat' dir='ltr'>meum</span> <span class='ocrx_word' id='word_1_120' title='bbox 917 1759 1057 1820; x_wconf 90' lang='lat' dir='ltr'>iudicium</span> 
     </span>
     <span class='ocr_line' id='line_1_17' title="bbox 116 1854 653 1934; baseline 0.007 -22"><span class='ocrx_word' id='word_1_121' title='bbox 116 1854 313 1933; x_wconf 88' lang='lat' dir='ltr'>interponens,</span> <span class='ocrx_word' id='word_1_122' title='bbox 328 1856 381 1915; x_wconf 93' lang='lat' dir='ltr'>sed</span> <span class='ocrx_word' id='word_1_123' title='bbox 394 1856 549 1934; x_wconf 85' lang='lat' dir='ltr'>exquirens</span> <span class='ocrx_word' id='word_1_124' title='bbox 562 1865 653 1924; x_wconf 86' lang='lat' dir='ltr'>tuum.</span> 
     </span>
    </p>
   </div>
   <div class='ocr_carea' id='block_1_3' title="bbox 327 2019 844 2098">
    <p class='ocr_par' dir='ltr' id='par_1_3' title="bbox 327 2019 844 2098">
     <span class='ocr_line' id='line_1_18' title="bbox 327 2019 844 2098; baseline 0.004 -18"><span class='ocrx_word' id='word_1_125' title='bbox 327 2026 375 2081; x_wconf 81' lang='lat' dir='ltr'>ss.</span> <span class='ocrx_word' id='word_1_126' title='bbox 415 2020 474 2080; x_wconf 83' lang='lat' dir='ltr'>Ao</span> <span class='ocrx_word' id='word_1_127' title='bbox 494 2019 688 2081; x_wconf 82' lang='lat' dir='ltr'>Arrrcun</span> <span class='ocrx_word' id='word_1_128' title='bbox 708 2019 793 2080; x_wconf 88' lang='lat' dir='ltr'>vrrr.</span> <span class='ocrx_word' id='word_1_129' title='bbox 815 2041 844 2098; x_wconf 80' lang='lat'>9.</span> 
     </span>
    </p>
   </div>
   <div class='ocr_carea' id='block_1_4' title="bbox 118 2133 1056 2303">
    <p class='ocr_par' dir='ltr' id='par_1_4' title="bbox 118 2133 1056 2303">
     <span class='ocr_line' id='line_1_19' title="bbox 118 2133 1056 2209; baseline -0.002 -14"><span class='ocrx_word' id='word_1_130' title='bbox 118 2133 400 2196; x_wconf 79' lang='lat' dir='ltr'>Scn.1nFonumno</span> <span class='ocrx_word' id='word_1_131' title='bbox 421 2155 485 2196; x_wconf 71' lang='lat' dir='ltr'>nn.</span> <span class='ocrx_word' id='word_1_132' title='bbox 499 2154 527 2197; x_wconf 88' lang='lat' dir='ltr'>v.</span> <span class='ocrx_word' id='word_1_133' title='bbox 547 2134 708 2195; x_wconf 75' lang='lat' dir='ltr'>Kmnunns</span> <span class='ocrx_word' id='word_1_134' title='bbox 728 2134 867 2195; x_wconf 75' lang='lat' dir='ltr'>Mnasms</span> <span class='ocrx_word' id='word_1_135' title='bbox 887 2147 1002 2208; x_wconf 68' lang='lat' dir='ltr'>suot</span> <span class='ocrx_word' id='word_1_136' title='bbox 1029 2150 1056 2209; x_wconf 85' lang='lat'>5.</span> 
     </span>
     <span class='ocr_line' id='line_1_20' title="bbox 432 2259 743 2303; baseline -0.01 0"><span class='ocrx_word' id='word_1_137' title='bbox 432 2261 535 2303; x_wconf 76' lang='lat' dir='ltr'>menno</span> <span class='ocrx_word' id='word_1_138' title='bbox 555 2259 662 2302; x_wconf 74' lang='lat' dir='ltr'>srrrco</span> <span class='ocrx_word' id='word_1_139' title='bbox 681 2259 743 2301; x_wconf 79' lang='lat' dir='ltr'>sm..</span> 
     </span>
    </p>
   </div>
   <div class='ocr_carea' id='block_1_5' title="bbox 117 2355 1058 2822">
    <p class='ocr_par' dir='ltr' id='par_1_5' title="bbox 117 2355 1058 2822">
     <span class='ocr_line' id='line_1_21' title="bbox 160 2355 1058 2434; baseline -0.001 -19"><span class='ocrx_word' id='word_1_140' title='bbox 160 2375 186 2415; x_wconf 89' lang='lat'>1.</span> <span class='ocrx_word' id='word_1_141' title='bbox 206 2356 375 2419; x_wconf 77' lang='lat' dir='ltr'>Eersrornu</span> <span class='ocrx_word' id='word_1_142' title='bbox 388 2375 485 2416; x_wconf 88' lang='lat' dir='ltr'>meam</span> <span class='ocrx_word' id='word_1_143' title='bbox 496 2356 576 2434; x_wconf 90' lang='lat' dir='ltr'>quod</span> <span class='ocrx_word' id='word_1_144' title='bbox 587 2355 784 2432; x_wconf 82' lang='lat' dir='ltr'>pervolgatam</span> <span class='ocrx_word' id='word_1_145' title='bbox 798 2355 898 2414; x_wconf 91' lang='lat' dir='ltr'>scribis</span> <span class='ocrx_word' id='word_1_146' title='bbox 911 2373 985 2427; x_wconf 88' lang='lat' dir='ltr'>esse,</span> <span class='ocrx_word' id='word_1_147' title='bbox 996 2376 1058 2416; x_wconf 91' lang='lat' dir='ltr'>non</span> 
     </span>
     <span class='ocr_line' id='line_1_22' title="bbox 117 2451 1057 2529; baseline 0.001 -18"><span class='ocrx_word' id='word_1_148' title='bbox 117 2451 179 2513; x_wconf 86' lang='lat' dir='ltr'>fero</span> <span class='ocrx_word' id='word_1_149' title='bbox 198 2453 336 2513; x_wconf 89' lang='lat' dir='ltr'>moleste:</span> <span class='ocrx_word' id='word_1_150' title='bbox 357 2454 427 2529; x_wconf 92' lang='lat' dir='ltr'>quin</span> <span class='ocrx_word' id='word_1_151' title='bbox 446 2455 534 2512; x_wconf 91' lang='lat' dir='ltr'>etiam</span> <span class='ocrx_word' id='word_1_152' title='bbox 551 2454 615 2529; x_wconf 91' lang='lat' dir='ltr'>ipse</span> <span class='ocrx_word' id='word_1_153' title='bbox 628 2453 725 2511; x_wconf 91' lang='lat' dir='ltr'>multis</span> <span class='ocrx_word' id='word_1_154' title='bbox 740 2452 807 2512; x_wconf 93' lang='lat' dir='ltr'>dedi</span> <span class='ocrx_word' id='word_1_155' title='bbox 821 2452 1057 2525; x_wconf 89' lang='lat' dir='ltr'>describendam;</span> 
     </span>
     <span class='ocr_line' id='line_1_23' title="bbox 117 2551 1058 2626; baseline 0.002 -17"><span class='ocrx_word' id='word_1_156' title='bbox 117 2569 152 2610; x_wconf 87' lang='lat' dir='ltr'>ea</span> <span class='ocrx_word' id='word_1_157' title='bbox 166 2552 244 2610; x_wconf 91' lang='lat' dir='ltr'>enim</span> <span class='ocrx_word' id='word_1_158' title='bbox 257 2560 286 2609; x_wconf 91' lang='lat' dir='ltr'>et</span> <span class='ocrx_word' id='word_1_159' title='bbox 299 2551 465 2609; x_wconf 90' lang='lat' dir='ltr'>acciderunt</span> <span class='ocrx_word' id='word_1_160' title='bbox 478 2552 536 2609; x_wconf 91' lang='lat' dir='ltr'>iam</span> <span class='ocrx_word' id='word_1_161' title='bbox 550 2561 580 2609; x_wconf 91' lang='lat' dir='ltr'>et</span> <span class='ocrx_word' id='word_1_162' title='bbox 595 2551 773 2626; x_wconf 91' lang='lat' dir='ltr'>impendent,</span> <span class='ocrx_word' id='word_1_163' title='bbox 787 2560 819 2609; x_wconf 91' lang='lat' dir='ltr'>ut</span> <span class='ocrx_word' id='word_1_164' title='bbox 837 2560 971 2609; x_wconf 89' lang='lat' dir='ltr'>testatum</span> <span class='ocrx_word' id='word_1_165' title='bbox 992 2571 1058 2611; x_wconf 89' lang='lat' dir='ltr'>esse</span> 
     </span>
     <span class='ocr_line' id='line_1_24' title="bbox 117 2646 1058 2724; baseline 0.004 -20"><span class='ocrx_word' id='word_1_166' title='bbox 117 2649 210 2719; x_wconf 89' lang='lat' dir='ltr'>velim,</span> <span class='ocrx_word' id='word_1_167' title='bbox 238 2648 276 2706; x_wconf 92' lang='lat' dir='ltr'>de</span> <span class='ocrx_word' id='word_1_168' title='bbox 305 2665 377 2724; x_wconf 89' lang='lat' dir='ltr'>pace</span> <span class='ocrx_word' id='word_1_169' title='bbox 405 2647 475 2724; x_wconf 91' lang='lat' dir='ltr'>quid</span> <span class='ocrx_word' id='word_1_170' title='bbox 503 2648 649 2706; x_wconf 91' lang='lat' dir='ltr'>senserim.</span> <span class='ocrx_word' id='word_1_171' title='bbox 698 2646 775 2706; x_wconf 91' lang='lat' dir='ltr'>Cum</span> <span class='ocrx_word' id='word_1_172' title='bbox 802 2658 899 2706; x_wconf 91' lang='lat' dir='ltr'>autem</span> <span class='ocrx_word' id='word_1_173' title='bbox 927 2648 964 2706; x_wconf 89' lang='lat' dir='ltr'>ad</span> <span class='ocrx_word' id='word_1_174' title='bbox 992 2667 1058 2708; x_wconf 88' lang='lat' dir='ltr'>earn</span> 
     </span>
     <span class='ocr_line' id='line_1_25' title="bbox 118 2745 1058 2822; baseline 0.002 -18"><span class='ocrx_word' id='word_1_175' title='bbox 118 2746 246 2804; x_wconf 89' lang='lat' dir='ltr'>hortarer</span> <span class='ocrx_word' id='word_1_176' title='bbox 259 2764 326 2805; x_wconf 93' lang='lat' dir='ltr'>eum</span> <span class='ocrx_word' id='word_1_177' title='bbox 341 2745 508 2822; x_wconf 87' lang='lat' dir='ltr'>praesertim</span> <span class='ocrx_word' id='word_1_178' title='bbox 522 2745 681 2817; x_wconf 90' lang='lat' dir='ltr'>hominem,</span> <span class='ocrx_word' id='word_1_179' title='bbox 692 2763 753 2803; x_wconf 91' lang='lat' dir='ltr'>non</span> <span class='ocrx_word' id='word_1_180' title='bbox 764 2745 880 2803; x_wconf 90' lang='lat' dir='ltr'>videbar</span> <span class='ocrx_word' id='word_1_181' title='bbox 893 2745 952 2803; x_wconf 92' lang='lat' dir='ltr'>ullo</span> <span class='ocrx_word' id='word_1_182' title='bbox 966 2749 1058 2806; x_wconf 92' lang='lat' dir='ltr'>modo</span> 
     </span>
    </p>
   </div>
   <div class='ocr_carea' id='block_1_6' title="bbox 13 2841 1059 2921">
    <p class='ocr_par' dir='ltr' id='par_1_6' title="bbox 13 2841 1059 2921">
     <span class='ocr_line' id='line_1_26' title="bbox 13 2841 1059 2921; baseline 0.002 -20"><span class='ocrx_word' id='word_1_183' title='bbox 13 2867 16 2871; x_wconf 96' lang='lat'>·</span> <span class='ocrx_word' id='word_1_184' title='bbox 117 2843 226 2903; x_wconf 86' lang='lat' dir='ltr'>facilius</span> <span class='ocrx_word' id='word_1_185' title='bbox 240 2854 379 2916; x_wconf 89' lang='lat' dir='ltr'>moturus,</span> <span class='ocrx_word' id='word_1_186' title='bbox 388 2861 477 2921; x_wconf 90' lang='lat' dir='ltr'>quam</span> <span class='ocrx_word' id='word_1_187' title='bbox 491 2843 515 2901; x_wconf 93' lang='lat' dir='ltr'>si</span> <span class='ocrx_word' id='word_1_188' title='bbox 528 2841 568 2913; x_wconf 95' lang='lat' dir='ltr'>id,</span> <span class='ocrx_word' id='word_1_189' title='bbox 578 2843 659 2918; x_wconf 92' lang='lat' dir='ltr'>quod</span> <span class='ocrx_word' id='word_1_190' title='bbox 672 2861 740 2901; x_wconf 89' lang='lat' dir='ltr'>eum</span> <span class='ocrx_word' id='word_1_191' title='bbox 753 2842 889 2912; x_wconf 86' lang='lat' dir='ltr'>hortarer,</span> <span class='ocrx_word' id='word_1_192' title='bbox 904 2847 1059 2904; x_wconf 90' lang='lat' dir='ltr'>convenire</span> 
     </span>
    </p>
   </div>
   <div class='ocr_carea' id='block_1_7' title="bbox 118 2939 1059 3510">
    <p class='ocr_par' dir='ltr' id='par_1_7' title="bbox 118 2939 1059 3510">
     <span class='ocr_line' id='line_1_27' title="bbox 118 2939 1058 3018; baseline 0 -18"><span class='ocrx_word' id='word_1_193' title='bbox 118 2944 180 3001; x_wconf 91' lang='lat' dir='ltr'>eius</span> <span class='ocrx_word' id='word_1_194' title='bbox 214 2942 371 3018; x_wconf 92' lang='lat' dir='ltr'>sapientiae</span> <span class='ocrx_word' id='word_1_195' title='bbox 406 2942 541 3001; x_wconf 89' lang='lat' dir='ltr'>dicerem.</span> <span class='ocrx_word' id='word_1_196' title='bbox 581 2939 656 2998; x_wconf 86' lang='lat' dir='ltr'>Eam</span> <span class='ocrx_word' id='word_1_197' title='bbox 684 2940 708 2999; x_wconf 94' lang='lat' dir='ltr'>si</span> <span class='ocrx_word' id='word_1_198' title='bbox 733 2941 965 2999; x_wconf 88' lang='lat' dir='ltr'>‘admirabilem’</span> <span class='ocrx_word' id='word_1_199' title='bbox 990 2943 1058 3012; x_wconf 85' lang='lat' dir='ltr'>dixi,</span> 
     </span>
     <span class='ocr_line' id='line_1_28' title="bbox 118 3037 1058 3116; baseline 0 -17"><span class='ocrx_word' id='word_1_200' title='bbox 118 3039 256 3116; x_wconf 87' lang='lat' dir='ltr'>quoniam</span> <span class='ocrx_word' id='word_1_201' title='bbox 284 3058 351 3099; x_wconf 92' lang='lat' dir='ltr'>eum</span> <span class='ocrx_word' id='word_1_202' title='bbox 379 3040 417 3099; x_wconf 92' lang='lat' dir='ltr'>ad</span> <span class='ocrx_word' id='word_1_203' title='bbox 444 3039 566 3098; x_wconf 88' lang='lat' dir='ltr'>salutem</span> <span class='ocrx_word' id='word_1_204' title='bbox 593 3037 702 3115; x_wconf 89' lang='lat' dir='ltr'>patriae</span> <span class='ocrx_word' id='word_1_205' title='bbox 729 3037 871 3109; x_wconf 90' lang='lat' dir='ltr'>hortabar,</span> <span class='ocrx_word' id='word_1_206' title='bbox 900 3056 961 3096; x_wconf 90' lang='lat' dir='ltr'>non</span> <span class='ocrx_word' id='word_1_207' title='bbox 992 3057 1058 3099; x_wconf 94' lang='lat' dir='ltr'>sum</span> 
     </span>
     <span class='ocr_line' id='line_1_29' title="bbox 118 3135 1058 3206; baseline 0.002 -11"><span class='ocrx_word' id='word_1_208' title='bbox 118 3138 224 3197; x_wconf 91' lang='lat' dir='ltr'>veritus</span> <span class='ocrx_word' id='word_1_209' title='bbox 237 3156 275 3196; x_wconf 92' lang='lat' dir='ltr'>ne</span> <span class='ocrx_word' id='word_1_210' title='bbox 288 3138 400 3196; x_wconf 87' lang='lat' dir='ltr'>viderer</span> <span class='ocrx_word' id='word_1_211' title='bbox 413 3136 563 3206; x_wconf 88' lang='lat' dir='ltr'>adsentari,</span> <span class='ocrx_word' id='word_1_212' title='bbox 580 3137 626 3195; x_wconf 91' lang='lat' dir='ltr'>cui</span> <span class='ocrx_word' id='word_1_213' title='bbox 640 3135 688 3193; x_wconf 87' lang='lat' dir='ltr'>tali</span> <span class='ocrx_word' id='word_1_214' title='bbox 703 3135 734 3192; x_wconf 90' lang='lat' dir='ltr'>in</span> <span class='ocrx_word' id='word_1_215' title='bbox 752 3153 783 3192; x_wconf 90' lang='lat' dir='ltr'>re</span> <span class='ocrx_word' id='word_1_216' title='bbox 804 3135 935 3194; x_wconf 90' lang='lat' dir='ltr'>lubenter</span> <span class='ocrx_word' id='word_1_217' title='bbox 952 3154 1001 3195; x_wconf 89' lang='lat' dir='ltr'>me</span> <span class='ocrx_word' id='word_1_218' title='bbox 1020 3138 1058 3197; x_wconf 92' lang='lat' dir='ltr'>ad</span> 
     </span>
     <span class='ocr_line' id='line_1_30' title="bbox 119 3232 1058 3312; baseline 0 -18"><span class='ocrx_word' id='word_1_219' title='bbox 119 3234 210 3312; x_wconf 89' lang='lat' dir='ltr'>pedes</span> <span class='ocrx_word' id='word_1_220' title='bbox 236 3234 416 3294; x_wconf 89' lang='lat' dir='ltr'>abiecissem.</span> <span class='ocrx_word' id='word_1_221' title='bbox 458 3233 527 3306; x_wconf 88' lang='lat' dir='ltr'>Qua</span> <span class='ocrx_word' id='word_1_222' title='bbox 553 3244 649 3291; x_wconf 90' lang='lat' dir='ltr'>autem</span> <span class='ocrx_word' id='word_1_223' title='bbox 682 3242 725 3290; x_wconf 90' lang='lat' dir='ltr'>est</span> <span class='ocrx_word' id='word_1_224' title='bbox 753 3232 878 3308; x_wconf 89' lang='lat' dir='ltr'>‘aliquid</span> <span class='ocrx_word' id='word_1_225' title='bbox 911 3234 1058 3311; x_wconf 89' lang='lat' dir='ltr'>impertias</span> 
     </span>
     <span class='ocr_line' id='line_1_31' title="bbox 119 3329 1058 3409; baseline 0 -18"><span class='ocrx_word' id='word_1_226' title='bbox 119 3331 276 3409; x_wconf 88' lang='lat' dir='ltr'>temporis,&#39;</span> <span class='ocrx_word' id='word_1_227' title='bbox 294 3349 355 3390; x_wconf 92' lang='lat' dir='ltr'>non</span> <span class='ocrx_word' id='word_1_228' title='bbox 375 3341 420 3390; x_wconf 90' lang='lat' dir='ltr'>est</span> <span class='ocrx_word' id='word_1_229' title='bbox 441 3331 478 3390; x_wconf 89' lang='lat' dir='ltr'>de</span> <span class='ocrx_word' id='word_1_230' title='bbox 498 3349 579 3407; x_wconf 88' lang='lat' dir='ltr'>pace,</span> <span class='ocrx_word' id='word_1_231' title='bbox 599 3329 652 3390; x_wconf 90' lang='lat' dir='ltr'>sed</span> <span class='ocrx_word' id='word_1_232' title='bbox 674 3330 710 3388; x_wconf 91' lang='lat' dir='ltr'>de</span> <span class='ocrx_word' id='word_1_233' title='bbox 730 3348 778 3387; x_wconf 90' lang='lat' dir='ltr'>me</span> <span class='ocrx_word' id='word_1_234' title='bbox 799 3330 864 3405; x_wconf 93' lang='lat' dir='ltr'>ipso</span> <span class='ocrx_word' id='word_1_235' title='bbox 885 3342 914 3389; x_wconf 92' lang='lat' dir='ltr'>et</span> <span class='ocrx_word' id='word_1_236' title='bbox 935 3331 971 3390; x_wconf 90' lang='lat' dir='ltr'>de</span> <span class='ocrx_word' id='word_1_237' title='bbox 990 3351 1058 3392; x_wconf 89' lang='lat' dir='ltr'>meo</span> 
     </span>
     <span class='ocr_line' id='line_1_32' title="bbox 121 3428 1059 3510; baseline -0.001 -20"><span class='ocrx_word' id='word_1_238' title='bbox 121 3431 217 3490; x_wconf 89' lang='lat' dir='ltr'>officio</span> <span class='ocrx_word' id='word_1_239' title='bbox 230 3441 262 3490; x_wconf 91' lang='lat' dir='ltr'>ut</span> <span class='ocrx_word' id='word_1_240' title='bbox 276 3429 384 3510; x_wconf 91' lang='lat' dir='ltr'>aliquid</span> <span class='ocrx_word' id='word_1_241' title='bbox 398 3431 523 3507; x_wconf 77' lang='lat' dir='ltr'>cogitet3</span> <span class='ocrx_word' id='word_1_242' title='bbox 537 3447 605 3488; x_wconf 90' lang='lat' dir='ltr'>nam</span> <span class='ocrx_word' id='word_1_243' title='bbox 616 3428 695 3508; x_wconf 91' lang='lat' dir='ltr'>quod</span> <span class='ocrx_word' id='word_1_244' title='bbox 707 3428 842 3487; x_wconf 87' lang='lat' dir='ltr'>testificor</span> <span class='ocrx_word' id='word_1_245' title='bbox 852 3447 899 3487; x_wconf 91' lang='lat' dir='ltr'>me</span> <span class='ocrx_word' id='word_1_246' title='bbox 910 3440 1059 3507; x_wconf 84' lang='lat' dir='ltr'>expertem</span> 
     </span>
    </p>
   </div>
   <div class='ocr_carea' id='block_1_8' title="bbox 0 0 1183 3810">
    <p class='ocr_par' dir='ltr' id='par_1_8' title="bbox 0 0 1183 3810">
     <span class='ocr_line' id='line_1_33' title="bbox 0 0 1183 3810; baseline 0 0"><span class='ocrx_word' id='word_1_247' title='bbox 0 0 1183 3810; x_wconf 95' lang='lat' dir='ltr'> </span> 
     </span>
    </p>
   </div>
  </div>
 </body>
</html>
