<?xml version="1.0" encoding="UTF-8"?>
<!DOCTYPE html PUBLIC "-//W3C//DTD XHTML 1.0 Transitional//EN"
    "http://www.w3.org/TR/xhtml1/DTD/xhtml1-transitional.dtd">
<html xmlns="http://www.w3.org/1999/xhtml" xml:lang="en" lang="en">
 <head>
  <title>
</title>
<meta http-equiv="Content-Type" content="text/html;charset=utf-8" />
  <meta name='ocr-system' content='tesseract 3.04.00' />
  <meta name='ocr-capabilities' content='ocr_page ocr_carea ocr_par ocr_line ocrx_word'/>
</head>
<body>
  <div class='ocr_page' id='page_1' title='image "./epistolaeselect01cicegoog_0171.png"; bbox 0 0 2348 3788; ppageno 0'>
   <div class='ocr_carea' id='block_1_1' title="bbox 63 211 1003 296">
    <p class='ocr_par' dir='ltr' id='par_1_1' title="bbox 63 211 1003 296">
     <span class='ocr_line' id='line_1_1' title="bbox 63 211 1003 296; baseline 0.001 -24"><span class='ocrx_word' id='word_1_1' title='bbox 63 211 171 296; x_wconf 61' lang='lat' dir='ltr'>apsa]</span> <span class='ocrx_word' id='word_1_2' title='bbox 268 223 385 276; x_wconf 70' lang='lat' dir='ltr'>aaran.</span> <span class='ocrx_word' id='word_1_3' title='bbox 405 223 456 272; x_wconf 79' lang='lat' dir='ltr'>an</span> <span class='ocrx_word' id='word_1_4' title='bbox 476 223 644 274; x_wconf 77' lang='lat' dir='ltr'>arrreuu</span> <span class='ocrx_word' id='word_1_5' title='bbox 663 222 713 276; x_wconf 78' lang='lat' dir='ltr'>rr.</span> <span class='ocrx_word' id='word_1_6' title='bbox 738 230 787 274; x_wconf 91' lang='lat'>10.</span> <span class='ocrx_word' id='word_1_7' title='bbox 942 223 1003 292; x_wconf 88' lang='lat'>155</span> 
     </span>
    </p>
   </div>
   <div class='ocr_carea' id='block_1_2' title="bbox 60 377 1058 3475">
    <p class='ocr_par' dir='ltr' id='par_1_2' title="bbox 60 377 1058 3475">
     <span class='ocr_line' id='line_1_2' title="bbox 60 377 1001 457; baseline -0.001 -19"><span class='ocrx_word' id='word_1_8' title='bbox 60 378 202 457; x_wconf 69' lang='lat' dir='ltr'>regnare!</span> <span class='ocrx_word' id='word_1_9' title='bbox 242 377 337 438; x_wconf 90' lang='lat' dir='ltr'>Multa</span> <span class='ocrx_word' id='word_1_10' title='bbox 361 379 489 456; x_wconf 86' lang='lat' dir='ltr'>disputas</span> <span class='ocrx_word' id='word_1_11' title='bbox 512 379 580 438; x_wconf 89' lang='lat' dir='ltr'>huic</span> <span class='ocrx_word' id='word_1_12' title='bbox 604 380 764 438; x_wconf 89' lang='lat' dir='ltr'>sententiae</span> <span class='ocrx_word' id='word_1_13' title='bbox 785 379 1001 449; x_wconf 87' lang='lat' dir='ltr'>convenientia;</span> 
     </span>
     <span class='ocr_line' id='line_1_3' title="bbox 61 477 1003 555; baseline 0 -19"><span class='ocrx_word' id='word_1_14' title='bbox 61 479 130 536; x_wconf 92' lang='lat' dir='ltr'>inde</span> <span class='ocrx_word' id='word_1_15' title='bbox 145 478 183 536; x_wconf 94' lang='lat' dir='ltr'>ad</span> <span class='ocrx_word' id='word_1_16' title='bbox 199 487 361 536; x_wconf 83' lang='lat' dir='ltr'>extremum</span> <span class='ocrx_word' id='word_1_17' title='bbox 376 479 462 554; x_wconf 90' lang='lat' dir='ltr'>‘quid</span> <span class='ocrx_word' id='word_1_18' title='bbox 482 477 522 537; x_wconf 90' lang='lat' dir='ltr'>si&#39;</span> <span class='ocrx_word' id='word_1_19' title='bbox 537 480 632 555; x_wconf 89' lang='lat' dir='ltr'><strong>inquis</strong></span> <span class='ocrx_word' id='word_1_20' title='bbox 645 478 791 553; x_wconf 88' lang='lat' dir='ltr'>‘Lepidus</span> <span class='ocrx_word' id='word_1_21' title='bbox 811 487 839 536; x_wconf 90' lang='lat' dir='ltr'>et</span> <span class='ocrx_word' id='word_1_22' title='bbox 853 477 1003 537; x_wconf 84' lang='lat' dir='ltr'>Volcatius</span> 
     </span>
     <span class='ocr_line' id='line_1_4' title="bbox 61 574 1002 652; baseline 0 -19"><span class='ocrx_word' id='word_1_23' title='bbox 61 576 234 634; x_wconf 85' lang='lat' dir='ltr'>discedunt?</span> <span class='ocrx_word' id='word_1_24' title='bbox 258 576 344 652; x_wconf 88' lang='lat' dir='ltr'>plane</span> <span class='ocrx_word' id='word_1_25' title='bbox 368 578 464 649; x_wconf 81' lang='grc' dir='ltr'>ἀπορῶ.</span> <span class='ocrx_word' id='word_1_26' title='bbox 506 575 596 647; x_wconf 87' lang='lat' dir='ltr'>Quod</span> <span class='ocrx_word' id='word_1_27' title='bbox 621 577 747 644; x_wconf 81' lang='lat' dir='ltr'>evenerit</span> <span class='ocrx_word' id='word_1_28' title='bbox 768 576 852 651; x_wconf 86' lang='lat' dir='ltr'>igitur</span> <span class='ocrx_word' id='word_1_29' title='bbox 873 584 902 635; x_wconf 93' lang='lat' dir='ltr'>et</span> <span class='ocrx_word' id='word_1_30' title='bbox 922 574 1002 650; x_wconf 92' lang='lat' dir='ltr'>quod</span> 
     </span>
     <span class='ocr_line' id='line_1_5' title="bbox 61 668 1002 748; baseline 0.001 -19"><span class='ocrx_word' id='word_1_31' title='bbox 61 673 164 747; x_wconf 88' lang='lat' dir='ltr'>egeris,</span> <span class='ocrx_word' id='word_1_32' title='bbox 179 674 209 730; x_wconf 91' lang='lat' dir='ltr'>id</span> <span class='ocrx_word' id='word_1_33' title='bbox 224 674 359 746; x_wconf 74' lang='grc' dir='ltr'>στερκτέον</span> <span class='ocrx_word' id='word_1_34' title='bbox 373 668 497 748; x_wconf 69' lang='lat' dir='ltr'>putabo!</span> <span class='ocrx_word' id='word_1_35' title='bbox 540 672 646 730; x_wconf 89' lang='lat' dir='ltr'>Situm</span> <span class='ocrx_word' id='word_1_36' title='bbox 662 673 815 743; x_wconf 89' lang='lat' dir='ltr'>dubitaras,</span> <span class='ocrx_word' id='word_1_37' title='bbox 830 691 908 730; x_wconf 93' lang='lat' dir='ltr'>nunc</span> <span class='ocrx_word' id='word_1_38' title='bbox 927 683 1002 730; x_wconf 90' lang='lat' dir='ltr'>certe</span> 
     </span>
     <span class='ocr_line' id='line_1_6' title="bbox 62 770 1002 847; baseline 0.002 -21"><span class='ocrx_word' id='word_1_39' title='bbox 62 788 123 826; x_wconf 90' lang='lat' dir='ltr'>non</span> <span class='ocrx_word' id='word_1_40' title='bbox 142 770 263 841; x_wconf 68' lang='lat' dir='ltr'>dubitas</span> <span class='ocrx_word' id='word_1_41' title='bbox 278 770 339 828; x_wconf 93' lang='lat' dir='ltr'>istis</span> <span class='ocrx_word' id='word_1_42' title='bbox 357 770 549 829; x_wconf 89' lang='lat' dir='ltr'>manentibus.</span> <span class='ocrx_word' id='word_1_43' title='bbox 593 773 620 829; x_wconf 92' lang='lat'>8.</span> <span class='ocrx_word' id='word_1_44' title='bbox 641 770 756 829; x_wconf 91' lang='lat' dir='ltr'>Deinde</span> <span class='ocrx_word' id='word_1_45' title='bbox 770 771 800 828; x_wconf 91' lang='lat' dir='ltr'>in</span> <span class='ocrx_word' id='word_1_46' title='bbox 815 771 878 847; x_wconf 90' lang='lat' dir='ltr'>ipsa</span> <span class='ocrx_word' id='word_1_47' title='bbox 892 770 961 845; x_wconf 85' lang='lat' dir='ltr'>luga</span> <span class='ocrx_word' id='word_1_48' title='bbox 974 789 1002 828; x_wconf 89' lang='lat' dir='ltr'>v.</span> 
     </span>
     <span class='ocr_line' id='line_1_7' title="bbox 63 866 1003 943; baseline 0.002 -19"><span class='ocrx_word' id='word_1_49' title='bbox 63 866 129 925; x_wconf 88' lang='lat' dir='ltr'>Kal.</span> <span class='ocrx_word' id='word_1_50' title='bbox 154 867 292 925; x_wconf 86' lang='lat' dir='ltr'>Martias:</span> <span class='ocrx_word' id='word_1_51' title='bbox 317 868 443 927; x_wconf 90' lang='lat' dir='ltr'>‘interea</span> <span class='ocrx_word' id='word_1_52' title='bbox 470 886 532 926; x_wconf 91' lang='lat' dir='ltr'>non</span> <span class='ocrx_word' id='word_1_53' title='bbox 560 868 661 926; x_wconf 91' lang='lat' dir='ltr'>dubito</span> <span class='ocrx_word' id='word_1_54' title='bbox 690 869 759 943; x_wconf 90' lang='lat' dir='ltr'>quin</span> <span class='ocrx_word' id='word_1_55' title='bbox 786 868 816 926; x_wconf 89' lang='lat' dir='ltr'>in</span> <span class='ocrx_word' id='word_1_56' title='bbox 844 868 1003 926; x_wconf 86' lang='lat' dir='ltr'>Formiano</span> 
     </span>
     <span class='ocr_line' id='line_1_8' title="bbox 62 966 1004 1040; baseline 0 -18"><span class='ocrx_word' id='word_1_57' title='bbox 62 983 215 1023; x_wconf 89' lang='lat' dir='ltr'>mansurus</span> <span class='ocrx_word' id='word_1_58' title='bbox 235 966 291 1034; x_wconf 82' lang='lat' dir='ltr'>sis;</span> <span class='ocrx_word' id='word_1_59' title='bbox 312 966 549 1025; x_wconf 87' lang='lat' dir='ltr'>commodissime</span> <span class='ocrx_word' id='word_1_60' title='bbox 571 966 648 1024; x_wconf 91' lang='lat' dir='ltr'>enim</span> <span class='ocrx_word' id='word_1_61' title='bbox 670 969 700 1021; x_wconf 84' lang='grc' dir='ltr'>τὸ</span> <span class='ocrx_word' id='word_1_62' title='bbox 720 967 818 1037; x_wconf 64' lang='lat' dir='ltr'>pelam</span> <span class='ocrx_word' id='word_1_63' title='bbox 838 966 877 1022; x_wconf 94' lang='lat' dir='ltr'>ibi</span> <span class='ocrx_word' id='word_1_64' title='bbox 897 969 1004 1040; x_wconf 75' lang='grc' dir='ltr'>καραδο·</span> 
     </span>
     <span class='ocr_line' id='line_1_9' title="bbox 62 1063 1021 1139; baseline 0.001 -20"><span class='ocrx_word' id='word_1_65' title='bbox 62 1063 167 1133; x_wconf 62' lang='grc' dir='ltr'>κὴσεις]</span> <span class='ocrx_word' id='word_1_66' title='bbox 201 1063 249 1122; x_wconf 85' lang='lat' dir='ltr'>Ad</span> <span class='ocrx_word' id='word_1_67' title='bbox 264 1063 302 1121; x_wconf 92' lang='lat' dir='ltr'>K.</span> <span class='ocrx_word' id='word_1_68' title='bbox 315 1063 443 1134; x_wconf 86' lang='lat' dir='ltr'>Martias,</span> <span class='ocrx_word' id='word_1_69' title='bbox 458 1083 526 1122; x_wconf 93' lang='lat' dir='ltr'>cum</span> <span class='ocrx_word' id='word_1_70' title='bbox 540 1064 586 1121; x_wconf 91' lang='lat' dir='ltr'>ille</span> <span class='ocrx_word' id='word_1_71' title='bbox 601 1064 734 1139; x_wconf 89' lang='lat' dir='ltr'>quintum</span> <span class='ocrx_word' id='word_1_72' title='bbox 748 1063 805 1121; x_wconf 90' lang='lat' dir='ltr'>iam</span> <span class='ocrx_word' id='word_1_73' title='bbox 819 1063 896 1121; x_wconf 91' lang='lat' dir='ltr'>diem</span> <span class='ocrx_word' id='word_1_74' title='bbox 911 1063 1021 1122; x_wconf 61' lang='lat' dir='ltr'>Brun·v</span> 
     </span>
     <span class='ocr_line' id='line_1_10' title="bbox 63 1161 1005 1236; baseline -0.002 -16"><span class='ocrx_word' id='word_1_75' title='bbox 63 1161 128 1220; x_wconf 91' lang='lat' dir='ltr'>disii</span> <span class='ocrx_word' id='word_1_76' title='bbox 147 1171 239 1219; x_wconf 88' lang='lat' dir='ltr'>essct:</span> <span class='ocrx_word' id='word_1_77' title='bbox 255 1167 333 1220; x_wconf 89' lang='lat' dir='ltr'>‘tum</span> <span class='ocrx_word' id='word_1_78' title='bbox 345 1162 503 1236; x_wconf 87' lang='lat' dir='ltr'>poterimus</span> <span class='ocrx_word' id='word_1_79' title='bbox 518 1161 683 1232; x_wconf 86' lang='lat' dir='ltr'>deliberare,</span> <span class='ocrx_word' id='word_1_80' title='bbox 698 1178 758 1218; x_wconf 89' lang='lat' dir='ltr'>non</span> <span class='ocrx_word' id='word_1_81' title='bbox 774 1161 880 1219; x_wconf 90' lang='lat' dir='ltr'>scilicet</span> <span class='ocrx_word' id='word_1_82' title='bbox 894 1161 1005 1236; x_wconf 87' lang='lat' dir='ltr'>integra</span> 
     </span>
     <span class='ocr_line' id='line_1_11' title="bbox 63 1258 1004 1334; baseline 0.002 -19"><span class='ocrx_word' id='word_1_83' title='bbox 63 1277 103 1326; x_wconf 93' lang='lat' dir='ltr'>re,</span> <span class='ocrx_word' id='word_1_84' title='bbox 124 1259 175 1315; x_wconf 91' lang='lat' dir='ltr'>sed</span> <span class='ocrx_word' id='word_1_85' title='bbox 194 1269 270 1316; x_wconf 89' lang='lat' dir='ltr'>certe</span> <span class='ocrx_word' id='word_1_86' title='bbox 291 1260 387 1319; x_wconf 90' lang='lat' dir='ltr'>minus</span> <span class='ocrx_word' id='word_1_87' title='bbox 407 1258 533 1328; x_wconf 87' lang='lat' dir='ltr'>infracta,</span> <span class='ocrx_word' id='word_1_88' title='bbox 550 1277 638 1334; x_wconf 91' lang='lat' dir='ltr'>quam</span> <span class='ocrx_word' id='word_1_89' title='bbox 660 1259 683 1316; x_wconf 95' lang='lat' dir='ltr'>si</span> <span class='ocrx_word' id='word_1_90' title='bbox 705 1277 763 1316; x_wconf 92' lang='lat' dir='ltr'>una</span> <span class='ocrx_word' id='word_1_91' title='bbox 782 1259 936 1334; x_wconf 88' lang='lat' dir='ltr'>proieceris</span> <span class='ocrx_word' id='word_1_92' title='bbox 957 1260 1004 1317; x_wconf 71' lang='lat' dir='ltr'>te!</span> 
     </span>
     <span class='ocr_line' id='line_1_12' title="bbox 64 1356 1005 1430; baseline -0.002 -13"><span class='ocrx_word' id='word_1_93' title='bbox 64 1356 180 1417; x_wconf 90' lang='lat' dir='ltr'>Deinde</span> <span class='ocrx_word' id='word_1_94' title='bbox 204 1375 256 1414; x_wconf 90' lang='lat'>1111.</span> <span class='ocrx_word' id='word_1_95' title='bbox 279 1356 358 1415; x_wconf 88' lang='lat' dir='ltr'>Non.</span> <span class='ocrx_word' id='word_1_96' title='bbox 384 1356 504 1414; x_wconf 85' lang='lat' dir='ltr'>Martias</span> <span class='ocrx_word' id='word_1_97' title='bbox 531 1359 581 1412; x_wconf 79' lang='grc' dir='ltr'>ὑπὸ</span> <span class='ocrx_word' id='word_1_98' title='bbox 608 1359 653 1428; x_wconf 78' lang='grc' dir='ltr'>τὴν</span> <span class='ocrx_word' id='word_1_99' title='bbox 679 1359 762 1430; x_wconf 74' lang='grc' dir='ltr'>λῆψιν</span> <span class='ocrx_word' id='word_1_100' title='bbox 789 1374 856 1415; x_wconf 93' lang='lat' dir='ltr'>cum</span> <span class='ocrx_word' id='word_1_101' title='bbox 883 1357 1005 1415; x_wconf 91' lang='lat' dir='ltr'>breviter</span> 
     </span>
     <span class='ocr_line' id='line_1_13' title="bbox 65 1454 1005 1530; baseline -0.002 -16"><span class='ocrx_word' id='word_1_102' title='bbox 65 1456 212 1525; x_wconf 84' lang='lat' dir='ltr'>scriberes,</span> <span class='ocrx_word' id='word_1_103' title='bbox 234 1465 331 1512; x_wconf 89' lang='lat' dir='ltr'>tamen</span> <span class='ocrx_word' id='word_1_104' title='bbox 352 1455 438 1530; x_wconf 89' lang='lat' dir='ltr'>ponis</span> <span class='ocrx_word' id='word_1_105' title='bbox 459 1455 535 1512; x_wconf 86' lang='lat' dir='ltr'>hoc:</span> <span class='ocrx_word' id='word_1_106' title='bbox 557 1458 638 1513; x_wconf 88' lang='lat' dir='ltr'>‘cras</span> <span class='ocrx_word' id='word_1_107' title='bbox 660 1456 785 1512; x_wconf 91' lang='lat' dir='ltr'>scribam</span> <span class='ocrx_word' id='word_1_108' title='bbox 806 1454 889 1530; x_wconf 90' lang='lat' dir='ltr'>plura</span> <span class='ocrx_word' id='word_1_109' title='bbox 914 1464 943 1512; x_wconf 90' lang='lat' dir='ltr'>et</span> <span class='ocrx_word' id='word_1_110' title='bbox 967 1454 1005 1512; x_wconf 93' lang='lat' dir='ltr'>ad</span> 
     </span>
     <span class='ocr_line' id='line_1_14' title="bbox 65 1550 1007 1626; baseline 0 -17"><span class='ocrx_word' id='word_1_111' title='bbox 65 1552 181 1619; x_wconf 90' lang='lat' dir='ltr'>omnia;</span> <span class='ocrx_word' id='word_1_112' title='bbox 203 1550 259 1608; x_wconf 92' lang='lat' dir='ltr'>hoc</span> <span class='ocrx_word' id='word_1_113' title='bbox 280 1560 377 1608; x_wconf 89' lang='lat' dir='ltr'>tamen</span> <span class='ocrx_word' id='word_1_114' title='bbox 399 1551 502 1620; x_wconf 91' lang='lat' dir='ltr'>dicam,</span> <span class='ocrx_word' id='word_1_115' title='bbox 518 1569 579 1608; x_wconf 92' lang='lat' dir='ltr'>non</span> <span class='ocrx_word' id='word_1_116' title='bbox 599 1552 745 1626; x_wconf 90' lang='lat' dir='ltr'>paenitere</span> <span class='ocrx_word' id='word_1_117' title='bbox 768 1570 815 1609; x_wconf 93' lang='lat' dir='ltr'>me</span> <span class='ocrx_word' id='word_1_118' title='bbox 837 1551 948 1609; x_wconf 91' lang='lat' dir='ltr'>consilii</span> <span class='ocrx_word' id='word_1_119' title='bbox 969 1553 1007 1610; x_wconf 91' lang='lat' dir='ltr'>de</span> 
     </span>
     <span class='ocr_line' id='line_1_15' title="bbox 65 1648 1005 1724; baseline 0.001 -17"><span class='ocrx_word' id='word_1_120' title='bbox 65 1659 115 1712; x_wconf 87' lang='lat' dir='ltr'>tua</span> <span class='ocrx_word' id='word_1_121' title='bbox 133 1649 293 1717; x_wconf 82' lang='lat' dir='ltr'>mansione,</span> <span class='ocrx_word' id='word_1_122' title='bbox 308 1658 343 1717; x_wconf 89' lang='lat' dir='ltr'>et,</span> <span class='ocrx_word' id='word_1_123' title='bbox 359 1666 536 1724; x_wconf 88' lang='lat' dir='ltr'>quamquam</span> <span class='ocrx_word' id='word_1_124' title='bbox 558 1667 666 1724; x_wconf 84' lang='lat' dir='ltr'>magna</span> <span class='ocrx_word' id='word_1_125' title='bbox 687 1648 884 1719; x_wconf 91' lang='lat' dir='ltr'>sollicitudine,</span> <span class='ocrx_word' id='word_1_126' title='bbox 900 1659 1005 1721; x_wconf 87' lang='lat' dir='ltr'>tamen,</span> 
     </span>
     <span class='ocr_line' id='line_1_16' title="bbox 66 1744 1005 1823; baseline 0.002 -20"><span class='ocrx_word' id='word_1_127' title='bbox 66 1746 134 1822; x_wconf 90' lang='lat' dir='ltr'>quia</span> <span class='ocrx_word' id='word_1_128' title='bbox 147 1747 242 1802; x_wconf 91' lang='lat' dir='ltr'>minus</span> <span class='ocrx_word' id='word_1_129' title='bbox 257 1745 324 1802; x_wconf 91' lang='lat' dir='ltr'>mali</span> <span class='ocrx_word' id='word_1_130' title='bbox 338 1755 408 1823; x_wconf 92' lang='lat' dir='ltr'>puto</span> <span class='ocrx_word' id='word_1_131' title='bbox 423 1763 486 1804; x_wconf 86' lang='lat' dir='ltr'>csse</span> <span class='ocrx_word' id='word_1_132' title='bbox 502 1764 590 1822; x_wconf 89' lang='lat' dir='ltr'>quam</span> <span class='ocrx_word' id='word_1_133' title='bbox 605 1748 634 1804; x_wconf 92' lang='lat' dir='ltr'>in</span> <span class='ocrx_word' id='word_1_134' title='bbox 645 1745 692 1804; x_wconf 89' lang='lat' dir='ltr'>illa</span> <span class='ocrx_word' id='word_1_135' title='bbox 703 1744 889 1821; x_wconf 89' lang='lat' dir='ltr'>profectione,</span> <span class='ocrx_word' id='word_1_136' title='bbox 899 1765 1005 1805; x_wconf 87' lang='lat' dir='ltr'>maneo</span> 
     </span>
     <span class='ocr_line' id='line_1_17' title="bbox 67 1840 1005 1917; baseline 0.002 -18"><span class='ocrx_word' id='word_1_137' title='bbox 67 1845 97 1900; x_wconf 91' lang='lat' dir='ltr'>in</span> <span class='ocrx_word' id='word_1_138' title='bbox 116 1843 258 1900; x_wconf 89' lang='lat' dir='ltr'>sententia</span> <span class='ocrx_word' id='word_1_139' title='bbox 276 1852 305 1900; x_wconf 91' lang='lat' dir='ltr'>et</span> <span class='ocrx_word' id='word_1_140' title='bbox 325 1842 440 1917; x_wconf 88' lang='lat' dir='ltr'>gaudeo</span> <span class='ocrx_word' id='word_1_141' title='bbox 462 1851 489 1900; x_wconf 91' lang='lat' dir='ltr'>te</span> <span class='ocrx_word' id='word_1_142' title='bbox 510 1840 670 1901; x_wconf 68' lang='lat' dir='ltr'>mansisse!</span> <span class='ocrx_word' id='word_1_143' title='bbox 711 1862 737 1917; x_wconf 90' lang='lat'>9.</span> <span class='ocrx_word' id='word_1_144' title='bbox 760 1840 837 1899; x_wconf 91' lang='lat' dir='ltr'>Cum</span> <span class='ocrx_word' id='word_1_145' title='bbox 858 1860 926 1901; x_wconf 92' lang='lat' dir='ltr'>vero</span> <span class='ocrx_word' id='word_1_146' title='bbox 947 1844 1005 1901; x_wconf 93' lang='lat' dir='ltr'>iam</span> 
     </span>
     <span class='ocr_line' id='line_1_18' title="bbox 67 1938 1006 2016; baseline 0 -19"><span class='ocrx_word' id='word_1_147' title='bbox 67 1958 189 2014; x_wconf 86' lang='lat' dir='ltr'>angerer</span> <span class='ocrx_word' id='word_1_148' title='bbox 212 1949 240 1996; x_wconf 89' lang='lat' dir='ltr'>et</span> <span class='ocrx_word' id='word_1_149' title='bbox 264 1939 403 2006; x_wconf 90' lang='lat' dir='ltr'>timerem,</span> <span class='ocrx_word' id='word_1_150' title='bbox 425 1956 463 1996; x_wconf 90' lang='lat' dir='ltr'>ne</span> <span class='ocrx_word' id='word_1_151' title='bbox 485 1940 554 2016; x_wconf 93' lang='lat' dir='ltr'>quid</span> <span class='ocrx_word' id='word_1_152' title='bbox 579 1957 597 1997; x_wconf 92' lang='lat' dir='ltr'>a</span> <span class='ocrx_word' id='word_1_153' title='bbox 617 1957 664 1996; x_wconf 88' lang='lat' dir='ltr'>me</span> <span class='ocrx_word' id='word_1_154' title='bbox 685 1938 837 1997; x_wconf 88' lang='lat' dir='ltr'>dedecoris</span> <span class='ocrx_word' id='word_1_155' title='bbox 858 1949 934 1997; x_wconf 92' lang='lat' dir='ltr'>esset</span> <span class='ocrx_word' id='word_1_156' title='bbox 955 1941 1006 1997; x_wconf 93' lang='lat' dir='ltr'>ad-</span> 
     </span>
     <span class='ocr_line' id='line_1_19' title="bbox 66 2024 1007 2106; baseline 0.002 -14"><span class='ocrx_word' id='word_1_157' title='bbox 66 2038 197 2106; x_wconf 89' lang='lat' dir='ltr'>missum,</span> <span class='ocrx_word' id='word_1_158' title='bbox 211 2055 252 2095; x_wconf 85' lang='lat'>111.</span> <span class='ocrx_word' id='word_1_159' title='bbox 268 2036 370 2094; x_wconf 90' lang='lat' dir='ltr'>Nonas</span> <span class='ocrx_word' id='word_1_160' title='bbox 386 2035 489 2095; x_wconf 86' lang='lat' dir='ltr'>Mart:</span> <span class='ocrx_word' id='word_1_161' title='bbox 510 2041 625 2095; x_wconf 88' lang='lat' dir='ltr'>‘tamen</span> <span class='ocrx_word' id='word_1_162' title='bbox 646 2046 674 2094; x_wconf 90' lang='lat' dir='ltr'>te</span> <span class='ocrx_word' id='word_1_163' title='bbox 695 2024 756 2093; x_wconf 83' lang='lat' dir='ltr'>non</span> <span class='ocrx_word' id='word_1_164' title='bbox 777 2053 840 2094; x_wconf 88' lang='lat' dir='ltr'>esse</span> <span class='ocrx_word' id='word_1_165' title='bbox 861 2054 1007 2095; x_wconf 89' lang='lat' dir='ltr'>unacum</span> 
     </span>
     <span class='ocr_line' id='line_1_20' title="bbox 67 2133 1007 2209; baseline 0.002 -17"><span class='ocrx_word' id='word_1_166' title='bbox 67 2133 209 2209; x_wconf 91' lang='lat' dir='ltr'>Pompeio</span> <span class='ocrx_word' id='word_1_167' title='bbox 232 2151 291 2191; x_wconf 89' lang='lat' dir='ltr'>non</span> <span class='ocrx_word' id='word_1_168' title='bbox 312 2133 373 2190; x_wconf 88' lang='lat' dir='ltr'>fero</span> <span class='ocrx_word' id='word_1_169' title='bbox 395 2134 532 2204; x_wconf 89' lang='lat' dir='ltr'>moleste;</span> <span class='ocrx_word' id='word_1_170' title='bbox 562 2142 664 2208; x_wconf 90' lang='lat' dir='ltr'>postea</span> <span class='ocrx_word' id='word_1_171' title='bbox 684 2133 708 2191; x_wconf 93' lang='lat' dir='ltr'>si</span> <span class='ocrx_word' id='word_1_172' title='bbox 733 2149 807 2208; x_wconf 89' lang='lat' dir='ltr'>opus</span> <span class='ocrx_word' id='word_1_173' title='bbox 832 2133 924 2204; x_wconf 90' lang='lat' dir='ltr'>suerit,</span> <span class='ocrx_word' id='word_1_174' title='bbox 946 2153 1007 2194; x_wconf 85' lang='lat' dir='ltr'>non</span> 
     </span>
     <span class='ocr_line' id='line_1_21' title="bbox 67 2229 1007 2306; baseline 0 -18"><span class='ocrx_word' id='word_1_175' title='bbox 67 2232 120 2288; x_wconf 92' lang='lat' dir='ltr'>erit</span> <span class='ocrx_word' id='word_1_176' title='bbox 141 2230 262 2299; x_wconf 88' lang='lat' dir='ltr'>difficile,</span> <span class='ocrx_word' id='word_1_177' title='bbox 283 2239 311 2288; x_wconf 93' lang='lat' dir='ltr'>et</span> <span class='ocrx_word' id='word_1_178' title='bbox 332 2231 378 2300; x_wconf 93' lang='lat' dir='ltr'>illi,</span> <span class='ocrx_word' id='word_1_179' title='bbox 401 2248 520 2306; x_wconf 90' lang='lat' dir='ltr'>quoquo</span> <span class='ocrx_word' id='word_1_180' title='bbox 542 2240 674 2305; x_wconf 90' lang='lat' dir='ltr'>tempore</span> <span class='ocrx_word' id='word_1_181' title='bbox 695 2229 752 2298; x_wconf 87' lang='lat' dir='ltr'>fiet,</span> <span class='ocrx_word' id='word_1_182' title='bbox 772 2229 825 2287; x_wconf 93' lang='lat' dir='ltr'>erit</span> <span class='ocrx_word' id='word_1_183' title='bbox 845 2231 1007 2300; x_wconf 67' lang='lat' dir='ltr'>deptaretur.</span> 
     </span>
     <span class='ocr_line' id='line_1_22' title="bbox 69 2325 1008 2402; baseline -0.002 -16"><span class='ocrx_word' id='word_1_184' title='bbox 69 2327 126 2386; x_wconf 87' lang='lat' dir='ltr'>Sed</span> <span class='ocrx_word' id='word_1_185' title='bbox 141 2326 197 2385; x_wconf 92' lang='lat' dir='ltr'>hoc</span> <span class='ocrx_word' id='word_1_186' title='bbox 211 2328 251 2384; x_wconf 89' lang='lat' dir='ltr'>ita</span> <span class='ocrx_word' id='word_1_187' title='bbox 270 2326 344 2393; x_wconf 88' lang='lat' dir='ltr'>dic0‚</span> <span class='ocrx_word' id='word_1_188' title='bbox 360 2327 384 2386; x_wconf 93' lang='lat' dir='ltr'>si</span> <span class='ocrx_word' id='word_1_189' title='bbox 405 2327 461 2395; x_wconf 87' lang='lat' dir='ltr'>hic,</span> <span class='ocrx_word' id='word_1_190' title='bbox 477 2345 536 2402; x_wconf 89' lang='lat' dir='ltr'>qua</span> <span class='ocrx_word' id='word_1_191' title='bbox 553 2327 663 2384; x_wconf 88' lang='lat' dir='ltr'>ratione</span> <span class='ocrx_word' id='word_1_192' title='bbox 683 2326 795 2384; x_wconf 90' lang='lat' dir='ltr'>initium</span> <span class='ocrx_word' id='word_1_193' title='bbox 815 2325 889 2396; x_wconf 84' lang='lat' dir='ltr'>fecit,</span> <span class='ocrx_word' id='word_1_194' title='bbox 905 2327 1008 2386; x_wconf 83' lang='lat' dir='ltr'>eadem</span> 
     </span>
     <span class='ocr_line' id='line_1_23' title="bbox 68 2426 1009 2506; baseline -0.001 -19"><span class='ocrx_word' id='word_1_195' title='bbox 68 2439 162 2488; x_wconf 88' lang='lat' dir='ltr'>cetera</span> <span class='ocrx_word' id='word_1_196' title='bbox 181 2437 256 2502; x_wconf 85' lang='lat' dir='ltr'>aget,</span> <span class='ocrx_word' id='word_1_197' title='bbox 271 2428 391 2498; x_wconf 89' lang='lat' dir='ltr'>sincere,</span> <span class='ocrx_word' id='word_1_198' title='bbox 406 2435 573 2506; x_wconf 81' lang='lat' dir='ltr'>temperate,</span> <span class='ocrx_word' id='word_1_199' title='bbox 589 2427 752 2505; x_wconf 86' lang='lat' dir='ltr'>prudenter,</span> <span class='ocrx_word' id='word_1_200' title='bbox 766 2426 848 2486; x_wconf 89' lang='lat' dir='ltr'>valde</span> <span class='ocrx_word' id='word_1_201' title='bbox 862 2427 962 2486; x_wconf 87' lang='lat' dir='ltr'>videro</span> <span class='ocrx_word' id='word_1_202' title='bbox 979 2438 1009 2486; x_wconf 92' lang='lat' dir='ltr'>et</span> 
     </span>
     <span class='ocr_line' id='line_1_24' title="bbox 68 2524 1008 2586; baseline -0.002 0"><span class='ocrx_word' id='word_1_203' title='bbox 68 2526 275 2586; x_wconf 87' lang='lat' dir='ltr'>consideratius</span> <span class='ocrx_word' id='word_1_204' title='bbox 296 2525 407 2582; x_wconf 90' lang='lat' dir='ltr'>utilitati</span> <span class='ocrx_word' id='word_1_205' title='bbox 428 2535 545 2584; x_wconf 88' lang='lat' dir='ltr'>nostrae</span> <span class='ocrx_word' id='word_1_206' title='bbox 568 2524 758 2584; x_wconf 90' lang='lat' dir='ltr'>consuluero.&#39;</span> <span class='ocrx_word' id='word_1_207' title='bbox 803 2543 848 2583; x_wconf 90' lang='lat'>10.</span> <span class='ocrx_word' id='word_1_208' title='bbox 872 2543 921 2584; x_wconf 88' lang='lat' dir='ltr'>vrr.</span> <span class='ocrx_word' id='word_1_209' title='bbox 938 2525 1008 2584; x_wconf 92' lang='lat' dir='ltr'>Idus</span> 
     </span>
     <span class='ocr_line' id='line_1_25' title="bbox 68 2621 1058 2699; baseline 0 -19"><span class='ocrx_word' id='word_1_210' title='bbox 68 2622 188 2680; x_wconf 88' lang='lat' dir='ltr'>Martias</span> <span class='ocrx_word' id='word_1_211' title='bbox 213 2622 312 2680; x_wconf 92' lang='lat' dir='ltr'>scribis</span> <span class='ocrx_word' id='word_1_212' title='bbox 337 2621 492 2680; x_wconf 90' lang='lat' dir='ltr'>Peducaeo</span> <span class='ocrx_word' id='word_1_213' title='bbox 514 2640 631 2699; x_wconf 91' lang='lat' dir='ltr'>quoque</span> <span class='ocrx_word' id='word_1_214' title='bbox 656 2631 756 2680; x_wconf 91' lang='lat' dir='ltr'>nostro</span> <span class='ocrx_word' id='word_1_215' title='bbox 783 2622 905 2698; x_wconf 90' lang='lat' dir='ltr'>probari,</span> <span class='ocrx_word' id='word_1_216' title='bbox 928 2622 1009 2697; x_wconf 90' lang='lat' dir='ltr'>quod</span> <span class='ocrx_word' id='word_1_217' title='bbox 1055 2636 1058 2642; x_wconf 79' lang='grc'>’</span> 
     </span>
     <span class='ocr_line' id='line_1_26' title="bbox 67 2718 1008 2797; baseline -0.001 -20"><span class='ocrx_word' id='word_1_218' title='bbox 67 2720 197 2796; x_wconf 88' lang='lat' dir='ltr'>quierim,</span> <span class='ocrx_word' id='word_1_219' title='bbox 206 2719 286 2776; x_wconf 91' lang='lat' dir='ltr'>cuius</span> <span class='ocrx_word' id='word_1_220' title='bbox 300 2718 454 2776; x_wconf 88' lang='lat' dir='ltr'>auctoritas</span> <span class='ocrx_word' id='word_1_221' title='bbox 469 2719 592 2776; x_wconf 92' lang='lat' dir='ltr'>multum</span> <span class='ocrx_word' id='word_1_222' title='bbox 607 2719 685 2797; x_wconf 90' lang='lat' dir='ltr'>apud</span> <span class='ocrx_word' id='word_1_223' title='bbox 700 2737 747 2777; x_wconf 93' lang='lat' dir='ltr'>me</span> <span class='ocrx_word' id='word_1_224' title='bbox 761 2720 842 2778; x_wconf 90' lang='lat' dir='ltr'>valet.</span> <span class='ocrx_word' id='word_1_225' title='bbox 885 2718 941 2776; x_wconf 92' lang='lat' dir='ltr'>His</span> <span class='ocrx_word' id='word_1_226' title='bbox 952 2738 1008 2795; x_wconf 83' lang='lat' dir='ltr'>ego</span> 
     </span>
     <span class='ocr_line' id='line_1_27' title="bbox 68 2815 1009 2891; baseline -0.002 -16"><span class='ocrx_word' id='word_1_227' title='bbox 68 2819 124 2876; x_wconf 89' lang='lat' dir='ltr'>tuis</span> <span class='ocrx_word' id='word_1_228' title='bbox 145 2817 256 2891; x_wconf 90' lang='lat' dir='ltr'>scriptis</span> <span class='ocrx_word' id='word_1_229' title='bbox 277 2834 325 2874; x_wconf 92' lang='lat' dir='ltr'>me</span> <span class='ocrx_word' id='word_1_230' title='bbox 347 2815 491 2885; x_wconf 85' lang='lat' dir='ltr'>consolor,</span> <span class='ocrx_word' id='word_1_231' title='bbox 506 2826 538 2873; x_wconf 91' lang='lat' dir='ltr'>ut</span> <span class='ocrx_word' id='word_1_232' title='bbox 559 2817 628 2874; x_wconf 91' lang='lat' dir='ltr'>nihil</span> <span class='ocrx_word' id='word_1_233' title='bbox 651 2834 668 2874; x_wconf 86' lang='lat' dir='ltr'>a</span> <span class='ocrx_word' id='word_1_234' title='bbox 688 2835 735 2875; x_wconf 90' lang='lat' dir='ltr'>me</span> <span class='ocrx_word' id='word_1_235' title='bbox 757 2817 851 2876; x_wconf 89' lang='lat' dir='ltr'>adhuc</span> <span class='ocrx_word' id='word_1_236' title='bbox 873 2817 1009 2876; x_wconf 87' lang='lat' dir='ltr'>delictum</span> 
     </span>
     <span class='ocr_line' id='line_1_28' title="bbox 68 2912 1009 2993; baseline 0.001 -22"><span class='ocrx_word' id='word_1_237' title='bbox 68 2926 176 2993; x_wconf 90' lang='lat' dir='ltr'>putem.</span> <span class='ocrx_word' id='word_1_238' title='bbox 218 2913 266 2972; x_wconf 89' lang='lat' dir='ltr'>Tu</span> <span class='ocrx_word' id='word_1_239' title='bbox 280 2912 370 2970; x_wconf 89' lang='lat' dir='ltr'>modo</span> <span class='ocrx_word' id='word_1_240' title='bbox 385 2913 585 2972; x_wconf 87' lang='lat' dir='ltr'>auctoritatem</span> <span class='ocrx_word' id='word_1_241' title='bbox 600 2924 679 2972; x_wconf 91' lang='lat' dir='ltr'>tuam</span> <span class='ocrx_word' id='word_1_242' title='bbox 694 2914 857 2974; x_wconf 87' lang='lat' dir='ltr'>desendito:</span> <span class='ocrx_word' id='word_1_243' title='bbox 872 2915 1009 2973; x_wconf 88' lang='lat' dir='ltr'>adversus</span> 
     </span>
     <span class='ocr_line' id='line_1_29' title="bbox 68 3010 1009 3088; baseline -0.003 -17"><span class='ocrx_word' id='word_1_244' title='bbox 68 3031 116 3071; x_wconf 91' lang='lat' dir='ltr'>me</span> <span class='ocrx_word' id='word_1_245' title='bbox 136 3010 204 3068; x_wconf 87' lang='lat' dir='ltr'>nihil</span> <span class='ocrx_word' id='word_1_246' title='bbox 222 3028 296 3086; x_wconf 90' lang='lat' dir='ltr'>opus</span> <span class='ocrx_word' id='word_1_247' title='bbox 315 3021 366 3078; x_wconf 89' lang='lat' dir='ltr'>est,</span> <span class='ocrx_word' id='word_1_248' title='bbox 382 3011 434 3069; x_wconf 90' lang='lat' dir='ltr'>sed</span> <span class='ocrx_word' id='word_1_249' title='bbox 454 3010 578 3068; x_wconf 90' lang='lat' dir='ltr'>consciis</span> <span class='ocrx_word' id='word_1_250' title='bbox 597 3029 671 3086; x_wconf 83' lang='lat' dir='ltr'>egeo</span> <span class='ocrx_word' id='word_1_251' title='bbox 693 3012 764 3070; x_wconf 85' lang='lat' dir='ltr'>aliis.</span> <span class='ocrx_word' id='word_1_252' title='bbox 805 3012 879 3088; x_wconf 79' lang='lat' dir='ltr'>Ege,</span> <span class='ocrx_word' id='word_1_253' title='bbox 895 3014 919 3070; x_wconf 93' lang='lat' dir='ltr'>si</span> <span class='ocrx_word' id='word_1_254' title='bbox 939 3011 1009 3069; x_wconf 89' lang='lat' dir='ltr'>nihil</span> 
     </span>
     <span class='ocr_line' id='line_1_30' title="bbox 68 3107 1008 3184; baseline 0.001 -19"><span class='ocrx_word' id='word_1_255' title='bbox 68 3108 195 3184; x_wconf 88' lang='lat' dir='ltr'>peccavi,</span> <span class='ocrx_word' id='word_1_256' title='bbox 210 3107 319 3182; x_wconf 91' lang='lat' dir='ltr'>reliqua</span> <span class='ocrx_word' id='word_1_257' title='bbox 333 3107 453 3166; x_wconf 90' lang='lat' dir='ltr'>tuebor:</span> <span class='ocrx_word' id='word_1_258' title='bbox 467 3107 505 3167; x_wconf 90' lang='lat' dir='ltr'>ad</span> <span class='ocrx_word' id='word_1_259' title='bbox 520 3125 554 3165; x_wconf 90' lang='lat' dir='ltr'>ea</span> <span class='ocrx_word' id='word_1_260' title='bbox 568 3117 599 3168; x_wconf 92' lang='lat' dir='ltr'>tu</span> <span class='ocrx_word' id='word_1_261' title='bbox 613 3118 641 3165; x_wconf 89' lang='lat' dir='ltr'>te</span> <span class='ocrx_word' id='word_1_262' title='bbox 656 3109 769 3168; x_wconf 88' lang='lat' dir='ltr'>hortare</span> <span class='ocrx_word' id='word_1_263' title='bbox 784 3120 812 3167; x_wconf 92' lang='lat' dir='ltr'>et</span> <span class='ocrx_word' id='word_1_264' title='bbox 826 3128 873 3168; x_wconf 90' lang='lat' dir='ltr'>me</span> <span class='ocrx_word' id='word_1_265' title='bbox 887 3109 1008 3167; x_wconf 89' lang='lat' dir='ltr'>omnino</span> 
     </span>
     <span class='ocr_line' id='line_1_31' title="bbox 68 3202 1009 3279; baseline 0.002 -16"><span class='ocrx_word' id='word_1_266' title='bbox 68 3217 118 3263; x_wconf 91' lang='lat' dir='ltr'>tua</span> <span class='ocrx_word' id='word_1_267' title='bbox 133 3205 307 3279; x_wconf 81' lang='lat' dir='ltr'>cogitatione</span> <span class='ocrx_word' id='word_1_268' title='bbox 322 3204 433 3263; x_wconf 89' lang='lat' dir='ltr'>adiuva.</span> <span class='ocrx_word' id='word_1_269' title='bbox 476 3202 535 3263; x_wconf 91' lang='lat' dir='ltr'>Hic</span> <span class='ocrx_word' id='word_1_270' title='bbox 550 3205 690 3265; x_wconf 91' lang='lat' dir='ltr'>nihildum</span> <span class='ocrx_word' id='word_1_271' title='bbox 710 3207 746 3265; x_wconf 91' lang='lat' dir='ltr'>de</span> <span class='ocrx_word' id='word_1_272' title='bbox 765 3207 857 3264; x_wconf 90' lang='lat' dir='ltr'>reditu</span> <span class='ocrx_word' id='word_1_273' title='bbox 877 3205 1009 3265; x_wconf 90' lang='lat' dir='ltr'>Caesaris</span> 
     </span>
     <span class='ocr_line' id='line_1_32' title="bbox 68 3301 1009 3382; baseline 0.004 -24"><span class='ocrx_word' id='word_1_274' title='bbox 68 3302 246 3360; x_wconf 82' lang='lat' dir='ltr'>audiebatur.</span> <span class='ocrx_word' id='word_1_275' title='bbox 287 3301 353 3376; x_wconf 86' lang='lat' dir='ltr'>Ego</span> <span class='ocrx_word' id='word_1_276' title='bbox 373 3301 417 3359; x_wconf 93' lang='lat' dir='ltr'>his</span> <span class='ocrx_word' id='word_1_277' title='bbox 436 3301 537 3361; x_wconf 89' lang='lat' dir='ltr'>litteris</span> <span class='ocrx_word' id='word_1_278' title='bbox 555 3301 613 3361; x_wconf 91' lang='lat' dir='ltr'>hoc</span> <span class='ocrx_word' id='word_1_279' title='bbox 634 3312 733 3362; x_wconf 89' lang='lat' dir='ltr'>tamen</span> <span class='ocrx_word' id='word_1_280' title='bbox 753 3302 878 3382; x_wconf 82' lang='lat' dir='ltr'>proieci:</span> <span class='ocrx_word' id='word_1_281' title='bbox 900 3303 1009 3380; x_wconf 85' lang='lat' dir='ltr'>perlegi</span> 
     </span>
     <span class='ocr_line' id='line_1_33' title="bbox 68 3400 537 3475; baseline -0.002 -17"><span class='ocrx_word' id='word_1_282' title='bbox 68 3416 172 3458; x_wconf 90' lang='lat' dir='ltr'>omnes</span> <span class='ocrx_word' id='word_1_283' title='bbox 187 3408 249 3458; x_wconf 88' lang='lat' dir='ltr'>tuas</span> <span class='ocrx_word' id='word_1_284' title='bbox 264 3408 292 3458; x_wconf 91' lang='lat' dir='ltr'>et</span> <span class='ocrx_word' id='word_1_285' title='bbox 306 3400 336 3457; x_wconf 89' lang='lat' dir='ltr'>in</span> <span class='ocrx_word' id='word_1_286' title='bbox 350 3416 386 3458; x_wconf 94' lang='lat' dir='ltr'>eo</span> <span class='ocrx_word' id='word_1_287' title='bbox 401 3400 537 3475; x_wconf 90' lang='lat' dir='ltr'>acquievi.</span> 
     </span>
    </p>
   </div>
   <div class='ocr_carea' id='block_1_3' title="bbox 0 0 1187 3788">
    <p class='ocr_par' dir='ltr' id='par_1_3' title="bbox 0 0 1187 3788">
     <span class='ocr_line' id='line_1_34' title="bbox 0 0 1187 3788; baseline 0 0"><span class='ocrx_word' id='word_1_288' title='bbox 0 0 1187 3788; x_wconf 95' lang='lat' dir='ltr'> </span> 
     </span>
    </p>
   </div>
  </div>
 </body>
</html>
