2348 3788
59 215 103 276 sp.
116 225 172 274 ναι,
188 198 257 281 ινα]
293 210 405 264 amsa.
420 210 470 258 ru
483 209 733 260 Arrrourvxvr.
753 216 800 262 11.
939 214 1002 281 245

59 349 199 439 superum
219 360 334 432 faciunt
353 379 426 437 quas
444 370 540 436 sperat
560 379 626 419 suas
646 379 729 431 esse:
746 379 806 419 eae
823 362 1002 437 congiarium
1093 367 1097 374 '

60 462 99 519 ab
113 461 244 519 Antonio
259 460 389 534 accipere
403 459 565 528 noluerunt,
577 468 608 516 ut
622 458 669 517 hic
684 458 801 534 quidem
815 469 919 530 narrat,
933 461 1003 517 etei

60 558 218 617 convitium
243 575 330 631 grave
359 556 488 614 fecerunt
517 557 792 632 contionantemque
815 557 1002 631 reliquerunt.

61 657 143 727 Quid
165 655 298 731 quaeris?
327 654 432 712 ducem
457 671 488 712 se
513 653 662 728 profitetur
687 672 742 724 nec
765 672 819 712 nos
843 654 897 712 sibi
921 665 1003 730 putat

61 755 165 826 deesse
189 761 332 828 oportere.
375 750 521 827 Equidem
546 751 632 818 suasi,
653 761 685 808 ut
706 750 833 808 Romam
854 765 1002 834 pergeret;

61 852 174 909 videtur
195 850 273 907 enim
294 849 364 906 mihi
385 858 414 906 et
434 848 615 924 plebeculam
638 849 780 905 urbanam
806 859 843 920 et,
866 851 890 907 si
915 850 1003 908 fidem

61 950 170 1019 fecerit,
185 948 272 1005 etiam
286 947 382 1004 bonos
397 947 473 1004 viros
488 964 587 1003 secum
601 945 757 1004 habiturus.
800 945 828 1005 Ο
843 947 939 1019 Brute,
953 951 1003 1008 ubi

61 1048 115 1106 es?
137 1053 276 1123 quantam
294 1047 418 1118 εὐκαιρίαν
432 1045 552 1102 amittis!
577 1061 637 1100 non
651 1044 786 1120 equidem
800 1044 857 1102 hoc
871 1045 1003 1119 divinavi,

62 1146 117 1206 sed
136 1143 243 1219 aliquid
263 1142 319 1200 tale
340 1142 436 1217 putavi
458 1141 526 1199 fore.
570 1140 657 1199 Nunc
678 1152 760 1198 tuum
781 1144 933 1201 consilium
954 1164 1004 1205 ex·

62 1245 155 1320 quiro.
198 1241 363 1298 Romamne
383 1239 476 1310 veni0‚
498 1258 536 1297 an
557 1237 603 1296 hic
625 1257 740 1308 maneo,
760 1257 798 1297 an
819 1240 1004 1318 Arpinum-

62 1344 210 1414 ἀσφάλειαν
236 1337 322 1396 habet
350 1337 374 1395 is
402 1336 664 1412 locus-fugiam?
707 1337 844 1409 Romam,
870 1357 906 1397 ne
930 1340 1004 1398 desi·

62 1439 205 1508 deremur‚
226 1437 250 1494 si
271 1435 340 1511 quid
362 1430 464 1493 actum
479 1435 628 1495 videbitur.
671 1433 741 1494 Hoc
765 1435 851 1511 igitur
875 1438 1004 1514 explica:

62 1553 224 1614 numquam
238 1535 269 1592 in
283 1534 392 1591 maiore
405 1535 498 1608 ἀπορίᾳ
511 1532 558 1590 fui
973 1515 975 1520 ⁸

246 1692 328 1765 ¹122.
370 1688 427 1746 AD
448 1687 643 1746 arricum
664 1688 745 1749 xvi.
771 1708 817 1748 11.

109 1805 175 1867 Sca.
190 1825 221 1866 ru
240 1805 421 1864 Pusuomuo
443 1802 536 1862 Norns
558 1801 770 1863 Novmrumsus
790 1823 873 1866 auc.
897 1819 912 1882 7
936 1824 965 1867 0.

377 1927 479 1969 cremo
500 1927 606 1968 ammo
626 1927 688 1968 sm.

65 2091 66 2095 ,
108 2047 133 2088 1.
155 2026 249 2086 Nouis
274 2025 373 2100 accepi
394 2043 412 2082 a
432 2033 460 2080 te
482 2023 553 2081 duas
575 2023 721 2098 epistolas,
743 2042 866 2104 quarum
888 2027 1005 2088 alteram

62 2126 131 2186 Kal.
149 2126 278 2193 dederas
295 2123 413 2180 alteram
434 2121 541 2196 pridie:
564 2121 649 2196 igitur
668 2122 746 2197 prius
764 2123 801 2180 ad
820 2126 1005 2198 superiorem.

63 2225 206 2284 Nostrum
220 2238 296 2296 opus
310 2220 361 2277 tibi
376 2219 491 2294 probari
508 2218 606 2288 laetor,
621 2237 657 2276 ex
678 2238 736 2294 quo
756 2222 817 2290 ἄνθη
836 2223 900 2296 ipsa
918 2242 1006 2298 posu-

63 2325 119 2393 isti,
135 2339 209 2397 quae
230 2318 299 2375 mihi
320 2317 486 2374 florentiora
508 2325 573 2372 sunt
594 2317 654 2373 visa
669 2327 725 2374 ‚tuo
750 2317 873 2390 iudicio;
897 2323 1007 2382 cerulas

64 2420 143 2478 enim
158 2429 222 2474 tuas
236 2417 369 2472 miniatas
384 2415 445 2472 illas
460 2414 694 2472 extimescebam.
735 2413 782 2472 De
798 2414 881 2474 Sicca
897 2418 936 2476 ita
955 2433 1006 2491 est,

64 2528 97 2576 ut
111 2516 228 2585 scribis;
244 2517 262 2583 †
277 2523 339 2571 asta
353 2531 388 2570 ea
402 2529 488 2586 aegre
502 2529 550 2569 me
564 2512 651 2568 tenui.
694 2511 797 2588 Itaque
816 2516 1007 2592 perstringam

65 2616 129 2690 sine
157 2613 215 2670 ulla
242 2611 415 2670 contumelia
446 2609 545 2667 Siccae
573 2618 622 2666 aut
651 2608 816 2684 Septimiae,
837 2621 947 2671 tantum
976 2629 1008 2674 ut

65 2713 159 2770 sciant
180 2712 267 2767 παῖδες
291 2711 395 2772 παίδων,
419 2709 481 2766 sine
505 2707 579 2764 vallo
605 2707 763 2777 Luciliano,
785 2727 853 2766 eum
873 2729 910 2768 ex
932 2712 1007 2771 Galli

64 2808 229 2881 Fadiifilia
256 2807 362 2864 liberos
390 2805 532 2862 habuisse.
575 2805 672 2879 Atque
697 2806 807 2864 utinam
835 2825 903 2865 eum
930 2810 1007 2867 diem

64 2908 188 2976 videam,
210 2923 277 2962 cum
301 2904 356 2961 ista
380 2904 472 2960 oratio
496 2904 536 2960 ita
560 2901 647 2960 libere
668 2913 794 2978 vagetur,
816 2912 848 2962 ut
868 2906 954 2963 etiam
977 2909 1007 2964 in

66 3006 168 3064 Siccae
184 3005 304 3062 domum
320 3003 458 3060 introeat!
481 3001 532 3059 sed
549 3001 596 3058 illo
617 3010 747 3077 tempore
766 3020 841 3077 opus
861 3015 913 3074 est,
927 3007 1008 3079 quod

66 3104 119 3162 luit
144 3103 197 3160 illis
221 3120 262 3159 111.
285 3101 359 3158 viris.
402 3100 520 3170 Moriar,
542 3099 597 3156 nisi
620 3098 729 3157 facetel
772 3101 820 3159 Tu
840 3120 907 3162 vero
929 3103 1008 3178 leges

68 3201 158 3260 Sexto
179 3201 297 3274 eiusque
319 3197 455 3255 iudicium
476 3196 546 3253 mihi
567 3199 735 3272 perscribes
775 3197 819 3257 Εἶα
838 3201 894 3271 ἐμοὶ
914 3201 1007 3274 μύριαι,

67 3298 168 3357 Caleni
183 3298 373 3354 interventum
388 3306 417 3352 et
431 3295 576 3353 Calvenae
591 3297 714 3354 cavebis.
758 3316 783 3355 2.
800 3295 889 3366 Quod
902 3299 1007 3355 vereris

66 3416 104 3458 ne
130 3398 274 3469 ἀδόλεσχος
301 3393 371 3451 mihi
399 3403 437 3464 tu,
460 3393 523 3472 quis
552 3393 668 3452 minus?
691 3394 745 3466 cui,
766 3403 797 3451 ut
821 3394 1007 3472 Aristophani
