<?xml version="1.0" encoding="UTF-8"?>
<!DOCTYPE html PUBLIC "-//W3C//DTD XHTML 1.0 Transitional//EN"
    "http://www.w3.org/TR/xhtml1/DTD/xhtml1-transitional.dtd">
<html xmlns="http://www.w3.org/1999/xhtml" xml:lang="en" lang="en">
 <head>
  <title>
</title>
<meta http-equiv="Content-Type" content="text/html;charset=utf-8" />
  <meta name='ocr-system' content='tesseract 3.04.00' />
  <meta name='ocr-capabilities' content='ocr_page ocr_carea ocr_par ocr_line ocrx_word'/>
</head>
<body>
  <div class='ocr_page' id='page_1' title='image "./epistolaeselect01cicegoog/epistolaeselect01cicegoog_0096.png"; bbox 0 0 2356 3810; ppageno 0'>
   <div class='ocr_carea' id='block_1_1' title="bbox 115 205 1059 289">
    <p class='ocr_par' dir='ltr' id='par_1_1' title="bbox 115 205 1059 289">
     <span class='ocr_line' id='line_1_1' title="bbox 115 205 1059 289; baseline 0 -19"><span class='ocrx_word' id='word_1_1' title='bbox 115 210 156 273; x_wconf 91' lang='lat'><strong>80</strong></span> <span class='ocrx_word' id='word_1_2' title='bbox 385 221 423 275; x_wconf 80' lang='lat' dir='ltr'><strong>rr.</strong></span> <span class='ocrx_word' id='word_1_3' title='bbox 449 219 570 273; x_wconf 76' lang='lat' dir='ltr'><strong>ruturr</strong></span> <span class='ocrx_word' id='word_1_4' title='bbox 591 220 779 269; x_wconf 81' lang='lat' dir='ltr'><em>010ERONJS</em></span> <span class='ocrx_word' id='word_1_5' title='bbox 883 269 907 275; x_wconf 11' lang='grc' dir='ltr'><strong>,Α</strong></span> <span class='ocrx_word' id='word_1_6' title='bbox 939 205 1009 289; x_wconf 63' lang='lat' dir='ltr'><strong>[rats</strong></span> <span class='ocrx_word' id='word_1_7' title='bbox 1025 219 1059 269; x_wconf 91' lang='lat' dir='ltr'><strong>u.</strong></span> 
     </span>
    </p>
   </div>
   <div class='ocr_carea' id='block_1_2' title="bbox 76 367 1063 3482">
    <p class='ocr_par' dir='ltr' id='par_1_2' title="bbox 76 367 1063 3482">
     <span class='ocr_line' id='line_1_2' title="bbox 117 367 1058 449; baseline -0.007 -19"><span class='ocrx_word' id='word_1_8' title='bbox 117 371 186 430; x_wconf 90' lang='lat' dir='ltr'><strong>illud</strong></span> <span class='ocrx_word' id='word_1_9' title='bbox 209 371 328 449; x_wconf 91' lang='lat' dir='ltr'><strong>quidem</strong></span> <span class='ocrx_word' id='word_1_10' title='bbox 353 381 429 429; x_wconf 92' lang='lat' dir='ltr'><strong>certe</strong></span> <span class='ocrx_word' id='word_1_11' title='bbox 456 381 586 429; x_wconf 89' lang='lat' dir='ltr'><strong>nostrum</strong></span> <span class='ocrx_word' id='word_1_12' title='bbox 611 369 764 428; x_wconf 90' lang='lat' dir='ltr'><strong>consilium</strong></span> <span class='ocrx_word' id='word_1_13' title='bbox 790 369 851 427; x_wconf 90' lang='lat' dir='ltr'><strong>iure</strong></span> <span class='ocrx_word' id='word_1_14' title='bbox 878 367 1058 427; x_wconf 92' lang='lat' dir='ltr'><strong>laudandum</strong></span> 
     </span>
     <span class='ocr_line' id='line_1_3' title="bbox 116 469 1059 546; baseline -0.007 -18"><span class='ocrx_word' id='word_1_15' title='bbox 116 480 168 540; x_wconf 88' lang='lat' dir='ltr'><strong>est,</strong></span> <span class='ocrx_word' id='word_1_16' title='bbox 196 469 246 546; x_wconf 92' lang='lat' dir='ltr'><strong>qui</strong></span> <span class='ocrx_word' id='word_1_17' title='bbox 274 487 357 527; x_wconf 89' lang='lat' dir='ltr'><strong>meos</strong></span> <span class='ocrx_word' id='word_1_18' title='bbox 385 469 461 526; x_wconf 86' lang='lat' dir='ltr'><strong>cives</strong></span> <span class='ocrx_word' id='word_1_19' title='bbox 488 479 517 526; x_wconf 91' lang='lat' dir='ltr'><strong>et</strong></span> <span class='ocrx_word' id='word_1_20' title='bbox 541 486 559 525; x_wconf 91' lang='lat' dir='ltr'><strong>a</strong></span> <span class='ocrx_word' id='word_1_21' title='bbox 586 486 633 525; x_wconf 92' lang='lat' dir='ltr'><strong>me</strong></span> <span class='ocrx_word' id='word_1_22' title='bbox 658 479 844 525; x_wconf 87' lang='lat' dir='ltr'><strong>conservatos</strong></span> <span class='ocrx_word' id='word_1_23' title='bbox 872 476 900 525; x_wconf 93' lang='lat' dir='ltr'><strong>et</strong></span> <span class='ocrx_word' id='word_1_24' title='bbox 923 484 971 522; x_wconf 93' lang='lat' dir='ltr'><strong>me</strong></span> <span class='ocrx_word' id='word_1_25' title='bbox 1001 483 1059 522; x_wconf 90' lang='lat' dir='ltr'><strong>ser-</strong></span> 
     </span>
     <span class='ocr_line' id='line_1_4' title="bbox 117 562 1059 642; baseline -0.005 -19"><span class='ocrx_word' id='word_1_26' title='bbox 117 584 183 624; x_wconf 92' lang='lat' dir='ltr'><strong>vare</strong></span> <span class='ocrx_word' id='word_1_27' title='bbox 211 566 370 642; x_wconf 88' lang='lat' dir='ltr'><strong>cupientes,</strong></span> <span class='ocrx_word' id='word_1_28' title='bbox 395 565 535 641; x_wconf 88' lang='lat' dir='ltr'><strong>spoliatos</strong></span> <span class='ocrx_word' id='word_1_29' title='bbox 564 566 685 624; x_wconf 89' lang='lat' dir='ltr'><strong>ducibus</strong></span> <span class='ocrx_word' id='word_1_30' title='bbox 713 566 801 624; x_wconf 90' lang='lat' dir='ltr'><strong>servis</strong></span> <span class='ocrx_word' id='word_1_31' title='bbox 831 564 947 623; x_wconf 88' lang='lat' dir='ltr'><strong>armatis</strong></span> <span class='ocrx_word' id='word_1_32' title='bbox 972 562 1059 620; x_wconf 92' lang='lat' dir='ltr'><strong>obiici</strong></span> 
     </span>
     <span class='ocr_line' id='line_1_5' title="bbox 116 661 1060 740; baseline -0.005 -19"><span class='ocrx_word' id='word_1_33' title='bbox 116 664 258 723; x_wconf 84' lang='lat' dir='ltr'>noluerim</span> <span class='ocrx_word' id='word_1_34' title='bbox 272 663 467 740; x_wconf 90' lang='lat' dir='ltr'><strong>declararique</strong></span> <span class='ocrx_word' id='word_1_35' title='bbox 481 663 639 733; x_wconf 85' lang='lat' dir='ltr'><strong>maluerim,</strong></span> <span class='ocrx_word' id='word_1_36' title='bbox 654 672 763 738; x_wconf 92' lang='lat' dir='ltr'><strong>quanta</strong></span> <span class='ocrx_word' id='word_1_37' title='bbox 777 663 819 722; x_wconf 93' lang='lat' dir='ltr'><strong>vis</strong></span> <span class='ocrx_word' id='word_1_38' title='bbox 834 679 897 720; x_wconf 90' lang='lat' dir='ltr'><strong>esse</strong></span> <span class='ocrx_word' id='word_1_39' title='bbox 916 661 1060 736; x_wconf 90' lang='lat' dir='ltr'><strong>potuisset</strong></span> 
     </span>
     <span class='ocr_line' id='line_1_6' title="bbox 116 757 1059 835; baseline -0.005 -16"><span class='ocrx_word' id='word_1_40' title='bbox 116 761 146 819; x_wconf 94' lang='lat' dir='ltr'><strong>in</strong></span> <span class='ocrx_word' id='word_1_41' title='bbox 161 771 305 818; x_wconf 90' lang='lat' dir='ltr'><strong>consensu</strong></span> <span class='ocrx_word' id='word_1_42' title='bbox 319 760 474 830; x_wconf 90' lang='lat' dir='ltr'><strong>bonorum,</strong></span> <span class='ocrx_word' id='word_1_43' title='bbox 490 760 514 818; x_wconf 93' lang='lat' dir='ltr'><strong>si</strong></span> <span class='ocrx_word' id='word_1_44' title='bbox 533 761 567 818; x_wconf 91' lang='lat' dir='ltr'><strong>iis</strong></span> <span class='ocrx_word' id='word_1_45' title='bbox 586 777 640 835; x_wconf 93' lang='lat' dir='ltr'><strong>pro</strong></span> <span class='ocrx_word' id='word_1_46' title='bbox 659 778 707 817; x_wconf 90' lang='lat' dir='ltr'><strong>me</strong></span> <span class='ocrx_word' id='word_1_47' title='bbox 727 765 822 818; x_wconf 88' lang='lat' dir='ltr'><strong>stante</strong></span> <span class='ocrx_word' id='word_1_48' title='bbox 839 776 971 835; x_wconf 87' lang='lat' dir='ltr'><strong>pugnare</strong></span> <span class='ocrx_word' id='word_1_49' title='bbox 990 757 1059 815; x_wconf 89' lang='lat' dir='ltr'><strong>licu-</strong></span> 
     </span>
     <span class='ocr_line' id='line_1_7' title="bbox 117 855 1059 933; baseline -0.005 -17"><span class='ocrx_word' id='word_1_50' title='bbox 117 859 194 928; x_wconf 85' lang='lat' dir='ltr'>isset,</span> <span class='ocrx_word' id='word_1_51' title='bbox 210 875 276 916; x_wconf 91' lang='lat' dir='ltr'><strong>cum</strong></span> <span class='ocrx_word' id='word_1_52' title='bbox 292 858 439 916; x_wconf 89' lang='lat' dir='ltr'><strong>adflictum</strong></span> <span class='ocrx_word' id='word_1_53' title='bbox 453 858 577 916; x_wconf 84' lang='lat' dir='ltr'><strong>excitare</strong></span> <span class='ocrx_word' id='word_1_54' title='bbox 596 857 759 932; x_wconf 90' lang='lat' dir='ltr'><strong>potuissent</strong></span> <span class='ocrx_word' id='word_1_55' title='bbox 768 876 775 928; x_wconf 92' lang='lat'>;</span> <span class='ocrx_word' id='word_1_56' title='bbox 798 874 923 933; x_wconf 91' lang='lat' dir='ltr'><strong>quorum</strong></span> <span class='ocrx_word' id='word_1_57' title='bbox 940 855 1059 930; x_wconf 90' lang='lat' dir='ltr'><strong>quidem</strong></span> 
     </span>
     <span class='ocr_line' id='line_1_8' title="bbox 117 954 1060 1032; baseline 0 -20"><span class='ocrx_word' id='word_1_58' title='bbox 117 956 247 1012; x_wconf 89' lang='lat' dir='ltr'><strong>animum</strong></span> <span class='ocrx_word' id='word_1_59' title='bbox 262 964 292 1013; x_wconf 94' lang='lat' dir='ltr'><strong>tu</strong></span> <span class='ocrx_word' id='word_1_60' title='bbox 306 972 366 1013; x_wconf 91' lang='lat' dir='ltr'><strong>non</strong></span> <span class='ocrx_word' id='word_1_61' title='bbox 381 955 551 1032; x_wconf 85' lang='lat' dir='ltr'><strong>perspexisti</strong></span> <span class='ocrx_word' id='word_1_62' title='bbox 566 955 667 1025; x_wconf 92' lang='lat' dir='ltr'><strong>solum,</strong></span> <span class='ocrx_word' id='word_1_63' title='bbox 684 973 750 1012; x_wconf 91' lang='lat' dir='ltr'><strong>cum</strong></span> <span class='ocrx_word' id='word_1_64' title='bbox 765 954 803 1013; x_wconf 91' lang='lat' dir='ltr'><strong>de</strong></span> <span class='ocrx_word' id='word_1_65' title='bbox 819 973 867 1012; x_wconf 90' lang='lat' dir='ltr'><strong>me</strong></span> <span class='ocrx_word' id='word_1_66' title='bbox 881 972 993 1029; x_wconf 84' lang='lat' dir='ltr'><strong>ageres,</strong></span> <span class='ocrx_word' id='word_1_67' title='bbox 1008 955 1060 1012; x_wconf 89' lang='lat' dir='ltr'><strong>sed</strong></span> 
     </span>
     <span class='ocr_line' id='line_1_9' title="bbox 117 1053 1060 1130; baseline -0.003 -17"><span class='ocrx_word' id='word_1_68' title='bbox 117 1056 205 1114; x_wconf 86' lang='lat' dir='ltr'><strong>etiarn</strong></span> <span class='ocrx_word' id='word_1_69' title='bbox 230 1054 407 1113; x_wconf 90' lang='lat' dir='ltr'><strong>confirmasti</strong></span> <span class='ocrx_word' id='word_1_70' title='bbox 428 1065 516 1130; x_wconf 90' lang='lat' dir='ltr'><strong>atque</strong></span> <span class='ocrx_word' id='word_1_71' title='bbox 543 1054 665 1115; x_wconf 89' lang='lat' dir='ltr'><strong>tenuisti.</strong></span> <span class='ocrx_word' id='word_1_72' title='bbox 712 1073 756 1126; x_wconf 88' lang='lat'><strong>14.</strong></span> <span class='ocrx_word' id='word_1_73' title='bbox 780 1053 848 1126; x_wconf 87' lang='lat' dir='ltr'><strong>Qua</strong></span> <span class='ocrx_word' id='word_1_74' title='bbox 876 1054 905 1111; x_wconf 92' lang='lat' dir='ltr'><strong>in</strong></span> <span class='ocrx_word' id='word_1_75' title='bbox 930 1071 1060 1111; x_wconf 88' lang='lat' dir='ltr'><strong>causa—</strong></span> 
     </span>
     <span class='ocr_line' id='line_1_10' title="bbox 76 1154 1060 1230; baseline 0 -18"><span class='ocrx_word' id='word_1_76' title='bbox 76 1165 78 1169; x_wconf 73' lang='lat'>‘</span> <span class='ocrx_word' id='word_1_77' title='bbox 117 1173 178 1213; x_wconf 93' lang='lat' dir='ltr'><strong>non</strong></span> <span class='ocrx_word' id='word_1_78' title='bbox 192 1155 282 1213; x_wconf 92' lang='lat' dir='ltr'><strong>modo</strong></span> <span class='ocrx_word' id='word_1_79' title='bbox 296 1173 357 1213; x_wconf 93' lang='lat' dir='ltr'><strong>non</strong></span> <span class='ocrx_word' id='word_1_80' title='bbox 372 1155 495 1230; x_wconf 88' lang='lat' dir='ltr'><strong>negab0,</strong></span> <span class='ocrx_word' id='word_1_81' title='bbox 511 1154 563 1212; x_wconf 93' lang='lat' dir='ltr'><strong>sed</strong></span> <span class='ocrx_word' id='word_1_82' title='bbox 578 1155 664 1211; x_wconf 89' lang='lat' dir='ltr'><strong>etiarn</strong></span> <span class='ocrx_word' id='word_1_83' title='bbox 679 1172 794 1230; x_wconf 88' lang='lat' dir='ltr'><strong>semper</strong></span> <span class='ocrx_word' id='word_1_84' title='bbox 808 1163 837 1212; x_wconf 93' lang='lat' dir='ltr'><strong>et</strong></span> <span class='ocrx_word' id='word_1_85' title='bbox 855 1155 1017 1212; x_wconf 91' lang='lat' dir='ltr'><strong>meminero</strong></span> <span class='ocrx_word' id='word_1_86' title='bbox 1031 1165 1060 1212; x_wconf 91' lang='lat' dir='ltr'><strong>et</strong></span> 
     </span>
     <span class='ocr_line' id='line_1_11' title="bbox 117 1250 1058 1327; baseline 0 -19"><span class='ocrx_word' id='word_1_87' title='bbox 117 1251 292 1326; x_wconf 85' lang='lat' dir='ltr'><strong>praedicabo</strong></span> <span class='ocrx_word' id='word_1_88' title='bbox 307 1251 537 1310; x_wconf 90' lang='lat' dir='ltr'><strong>libenter-usus</strong></span> <span class='ocrx_word' id='word_1_89' title='bbox 557 1269 588 1309; x_wconf 93' lang='lat' dir='ltr'><strong>es</strong></span> <span class='ocrx_word' id='word_1_90' title='bbox 607 1250 781 1327; x_wconf 90' lang='lat' dir='ltr'><strong>quibusdam</strong></span> <span class='ocrx_word' id='word_1_91' title='bbox 800 1251 987 1309; x_wconf 89' lang='lat' dir='ltr'><strong>nobilissimis</strong></span> <span class='ocrx_word' id='word_1_92' title='bbox 1006 1250 1058 1308; x_wconf 93' lang='lat' dir='ltr'><strong>ho·</strong></span> 
     </span>
     <span class='ocr_line' id='line_1_12' title="bbox 118 1347 1059 1425; baseline 0 -21"><span class='ocrx_word' id='word_1_93' title='bbox 118 1348 245 1406; x_wconf 88' lang='lat' dir='ltr'><strong>minibus</strong></span> <span class='ocrx_word' id='word_1_94' title='bbox 264 1348 428 1407; x_wconf 87' lang='lat' dir='ltr'><strong>fortioribus</strong></span> <span class='ocrx_word' id='word_1_95' title='bbox 442 1349 471 1406; x_wconf 89' lang='lat' dir='ltr'><strong>in</strong></span> <span class='ocrx_word' id='word_1_96' title='bbox 486 1367 533 1406; x_wconf 93' lang='lat' dir='ltr'><strong>me</strong></span> <span class='ocrx_word' id='word_1_97' title='bbox 547 1348 732 1416; x_wconf 69' lang='lat' dir='ltr'><strong>restituendo</strong></span> <span class='ocrx_word' id='word_1_98' title='bbox 747 1367 836 1425; x_wconf 91' lang='lat' dir='ltr'><strong>quam</strong></span> <span class='ocrx_word' id='word_1_99' title='bbox 854 1348 968 1406; x_wconf 87' lang='lat' dir='ltr'><strong>fuerant</strong></span> <span class='ocrx_word' id='word_1_100' title='bbox 981 1347 1059 1405; x_wconf 91' lang='lat' dir='ltr'><strong>idem</strong></span> 
     </span>
     <span class='ocr_line' id='line_1_13' title="bbox 117 1445 1059 1521; baseline 0 -19"><span class='ocrx_word' id='word_1_101' title='bbox 117 1446 147 1502; x_wconf 94' lang='lat' dir='ltr'><strong>in</strong></span> <span class='ocrx_word' id='word_1_102' title='bbox 163 1445 310 1518; x_wconf 90' lang='lat' dir='ltr'><strong>tenendo;</strong></span> <span class='ocrx_word' id='word_1_103' title='bbox 331 1465 389 1521; x_wconf 91' lang='lat' dir='ltr'><strong>qua</strong></span> <span class='ocrx_word' id='word_1_104' title='bbox 408 1447 438 1504; x_wconf 90' lang='lat' dir='ltr'><strong>in</strong></span> <span class='ocrx_word' id='word_1_105' title='bbox 452 1446 594 1505; x_wconf 90' lang='lat' dir='ltr'><strong>sententia</strong></span> <span class='ocrx_word' id='word_1_106' title='bbox 608 1446 632 1504; x_wconf 91' lang='lat' dir='ltr'><strong>si</strong></span> <span class='ocrx_word' id='word_1_107' title='bbox 647 1457 780 1504; x_wconf 73' lang='lat' dir='ltr'><strong>constare</strong></span> <span class='ocrx_word' id='word_1_108' title='bbox 794 1447 961 1516; x_wconf 88' lang='lat' dir='ltr'><strong>voluissent,</strong></span> <span class='ocrx_word' id='word_1_109' title='bbox 976 1463 1059 1503; x_wconf 86' lang='lat' dir='ltr'><strong>suam</strong></span> 
     </span>
     <span class='ocr_line' id='line_1_14' title="bbox 117 1543 1059 1620; baseline 0 -20"><span class='ocrx_word' id='word_1_110' title='bbox 117 1544 316 1602; x_wconf 88' lang='lat' dir='ltr'><strong>auctoritatem</strong></span> <span class='ocrx_word' id='word_1_111' title='bbox 337 1543 423 1602; x_wconf 91' lang='lat' dir='ltr'><strong>simul</strong></span> <span class='ocrx_word' id='word_1_112' title='bbox 443 1562 510 1601; x_wconf 92' lang='lat' dir='ltr'><strong>cum</strong></span> <span class='ocrx_word' id='word_1_113' title='bbox 531 1543 623 1601; x_wconf 89' lang='lat' dir='ltr'><strong>salute</strong></span> <span class='ocrx_word' id='word_1_114' title='bbox 644 1561 709 1601; x_wconf 92' lang='lat' dir='ltr'><strong>mea</strong></span> <span class='ocrx_word' id='word_1_115' title='bbox 730 1552 958 1620; x_wconf 86' lang='lat' dir='ltr'><strong>recuperassent.</strong></span> <span class='ocrx_word' id='word_1_116' title='bbox 1000 1543 1059 1601; x_wconf 93' lang='lat' dir='ltr'><strong>Re-</strong></span> 
     </span>
     <span class='ocr_line' id='line_1_15' title="bbox 119 1642 1059 1714; baseline 0.001 -14"><span class='ocrx_word' id='word_1_117' title='bbox 119 1642 221 1701; x_wconf 91' lang='lat' dir='ltr'><strong>creatis</strong></span> <span class='ocrx_word' id='word_1_118' title='bbox 243 1643 320 1699; x_wconf 89' lang='lat' dir='ltr'><strong>enirn</strong></span> <span class='ocrx_word' id='word_1_119' title='bbox 341 1643 428 1700; x_wconf 93' lang='lat' dir='ltr'><strong>bonis</strong></span> <span class='ocrx_word' id='word_1_120' title='bbox 448 1643 514 1714; x_wconf 90' lang='lat' dir='ltr'><strong>viris</strong></span> <span class='ocrx_word' id='word_1_121' title='bbox 536 1642 686 1701; x_wconf 85' lang='lat' dir='ltr'><strong>consulatu</strong></span> <span class='ocrx_word' id='word_1_122' title='bbox 705 1652 755 1700; x_wconf 92' lang='lat' dir='ltr'><strong>tuo</strong></span> <span class='ocrx_word' id='word_1_123' title='bbox 770 1653 799 1700; x_wconf 89' lang='lat' dir='ltr'><strong>et</strong></span> <span class='ocrx_word' id='word_1_124' title='bbox 819 1644 1059 1702; x_wconf 89' lang='lat' dir='ltr'><strong>constantissimis</strong></span> 
     </span>
     <span class='ocr_line' id='line_1_16' title="bbox 118 1739 1059 1817; baseline 0 -19"><span class='ocrx_word' id='word_1_125' title='bbox 118 1750 205 1817; x_wconf 89' lang='lat' dir='ltr'><strong>atque</strong></span> <span class='ocrx_word' id='word_1_126' title='bbox 219 1741 336 1817; x_wconf 93' lang='lat' dir='ltr'><strong>optimis</strong></span> <span class='ocrx_word' id='word_1_127' title='bbox 351 1740 512 1798; x_wconf 88' lang='lat' dir='ltr'><strong>actionibus</strong></span> <span class='ocrx_word' id='word_1_128' title='bbox 526 1740 582 1798; x_wconf 92' lang='lat' dir='ltr'><strong>tuis</strong></span> <span class='ocrx_word' id='word_1_129' title='bbox 596 1740 732 1810; x_wconf 82' lang='lat' dir='ltr'><strong>excitatis,</strong></span> <span class='ocrx_word' id='word_1_130' title='bbox 749 1739 804 1798; x_wconf 87' lang='lat' dir='ltr'><strong>Cn.</strong></span> <span class='ocrx_word' id='word_1_131' title='bbox 819 1740 962 1815; x_wconf 90' lang='lat' dir='ltr'><strong>Pompeio</strong></span> <span class='ocrx_word' id='word_1_132' title='bbox 977 1760 1059 1816; x_wconf 89' lang='lat' dir='ltr'><strong>prae-</strong></span> 
     </span>
     <span class='ocr_line' id='line_1_17' title="bbox 118 1838 1059 1908; baseline 0.001 -11"><span class='ocrx_word' id='word_1_133' title='bbox 118 1840 215 1897; x_wconf 90' lang='lat' dir='ltr'><strong>sertim</strong></span> <span class='ocrx_word' id='word_1_134' title='bbox 244 1839 281 1897; x_wconf 86' lang='lat' dir='ltr'><strong>ad</strong></span> <span class='ocrx_word' id='word_1_135' title='bbox 310 1857 428 1898; x_wconf 91' lang='lat' dir='ltr'><strong>causam</strong></span> <span class='ocrx_word' id='word_1_136' title='bbox 456 1839 599 1908; x_wconf 85' lang='lat' dir='ltr'><strong>adiuncto,</strong></span> <span class='ocrx_word' id='word_1_137' title='bbox 629 1856 696 1896; x_wconf 91' lang='lat' dir='ltr'><strong>cum</strong></span> <span class='ocrx_word' id='word_1_138' title='bbox 723 1838 809 1896; x_wconf 89' lang='lat' dir='ltr'><strong>etiam</strong></span> <span class='ocrx_word' id='word_1_139' title='bbox 837 1839 946 1899; x_wconf 91' lang='lat' dir='ltr'><strong>Caesar</strong></span> <span class='ocrx_word' id='word_1_140' title='bbox 973 1842 1059 1898; x_wconf 88' lang='lat' dir='ltr'><strong>rebus</strong></span> 
     </span>
     <span class='ocr_line' id='line_1_18' title="bbox 117 1936 1059 2013; baseline 0.002 -19"><span class='ocrx_word' id='word_1_141' title='bbox 117 1936 252 1995; x_wconf 87' lang='lat' dir='ltr'><strong>maximis</strong></span> <span class='ocrx_word' id='word_1_142' title='bbox 266 1937 355 2012; x_wconf 88' lang='lat' dir='ltr'><strong>gestis</strong></span> <span class='ocrx_word' id='word_1_143' title='bbox 370 1936 561 2013; x_wconf 84' lang='lat' dir='ltr'><strong>singularibus</strong></span> <span class='ocrx_word' id='word_1_144' title='bbox 575 1947 694 1994; x_wconf 89' lang='lat' dir='ltr'><strong>ornatus</strong></span> <span class='ocrx_word' id='word_1_145' title='bbox 709 1945 736 1993; x_wconf 92' lang='lat' dir='ltr'><strong>et</strong></span> <span class='ocrx_word' id='word_1_146' title='bbox 754 1936 836 1994; x_wconf 91' lang='lat' dir='ltr'><strong>novis</strong></span> <span class='ocrx_word' id='word_1_147' title='bbox 851 1936 1012 1995; x_wconf 89' lang='lat' dir='ltr'><strong>honoribus</strong></span> <span class='ocrx_word' id='word_1_148' title='bbox 1026 1957 1059 1996; x_wconf 90' lang='lat' dir='ltr'><strong>ac</strong></span> 
     </span>
     <span class='ocr_line' id='line_1_19' title="bbox 118 2033 1058 2108; baseline 0.001 -17"><span class='ocrx_word' id='word_1_149' title='bbox 118 2033 230 2092; x_wconf 91' lang='lat' dir='ltr'><strong>iudiciis</strong></span> <span class='ocrx_word' id='word_1_150' title='bbox 246 2044 363 2094; x_wconf 89' lang='lat' dir='ltr'><strong>senatus</strong></span> <span class='ocrx_word' id='word_1_151' title='bbox 378 2033 415 2094; x_wconf 91' lang='lat' dir='ltr'><strong>ad</strong></span> <span class='ocrx_word' id='word_1_152' title='bbox 429 2035 630 2094; x_wconf 88' lang='lat' dir='ltr'><strong>auctoritatem</strong></span> <span class='ocrx_word' id='word_1_153' title='bbox 649 2034 710 2091; x_wconf 91' lang='lat' dir='ltr'><strong>eius</strong></span> <span class='ocrx_word' id='word_1_154' title='bbox 724 2033 833 2092; x_wconf 93' lang='lat' dir='ltr'><strong>ordinis</strong></span> <span class='ocrx_word' id='word_1_155' title='bbox 847 2034 1058 2108; x_wconf 83' lang='lat' dir='ltr'><strong>adiungeretur,</strong></span> 
     </span>
     <span class='ocr_line' id='line_1_20' title="bbox 117 2131 1060 2208; baseline 0.001 -19"><span class='ocrx_word' id='word_1_156' title='bbox 117 2131 187 2191; x_wconf 92' lang='lat' dir='ltr'><strong>nulli</strong></span> <span class='ocrx_word' id='word_1_157' title='bbox 201 2133 335 2208; x_wconf 90' lang='lat' dir='ltr'><strong>improbo</strong></span> <span class='ocrx_word' id='word_1_158' title='bbox 350 2132 404 2200; x_wconf 81' lang='lat' dir='ltr'><strong>civi</strong></span> <span class='ocrx_word' id='word_1_159' title='bbox 421 2131 505 2191; x_wconf 89' lang='lat' dir='ltr'><strong>locus</strong></span> <span class='ocrx_word' id='word_1_160' title='bbox 518 2131 555 2189; x_wconf 92' lang='lat' dir='ltr'><strong>ad</strong></span> <span class='ocrx_word' id='word_1_161' title='bbox 571 2149 633 2189; x_wconf 91' lang='lat' dir='ltr'><strong>rem</strong></span> <span class='ocrx_word' id='word_1_162' title='bbox 652 2131 798 2206; x_wconf 88' lang='lat' dir='ltr'><strong>publicam</strong></span> <span class='ocrx_word' id='word_1_163' title='bbox 815 2131 981 2189; x_wconf 89' lang='lat' dir='ltr'><strong>violandam</strong></span> <span class='ocrx_word' id='word_1_164' title='bbox 996 2151 1060 2190; x_wconf 88' lang='lat' dir='ltr'><strong>esse</strong></span> 
     </span>
     <span class='ocr_line' id='line_1_21' title="bbox 117 2229 1060 2306; baseline -0.001 -18"><span class='ocrx_word' id='word_1_165' title='bbox 117 2230 268 2304; x_wconf 90' lang='lat' dir='ltr'><strong>potuisset.</strong></span> <span class='ocrx_word' id='word_1_166' title='bbox 313 2244 358 2304; x_wconf 88' lang='lat'><strong>15.</strong></span> <span class='ocrx_word' id='word_1_167' title='bbox 382 2230 440 2289; x_wconf 90' lang='lat' dir='ltr'><strong>Sed</strong></span> <span class='ocrx_word' id='word_1_168' title='bbox 467 2230 592 2300; x_wconf 89' lang='lat' dir='ltr'><strong>attende,</strong></span> <span class='ocrx_word' id='word_1_169' title='bbox 621 2247 740 2306; x_wconf 88' lang='lat' dir='ltr'><strong>quaeso,</strong></span> <span class='ocrx_word' id='word_1_170' title='bbox 769 2248 844 2305; x_wconf 90' lang='lat' dir='ltr'><strong>quae</strong></span> <span class='ocrx_word' id='word_1_171' title='bbox 872 2229 929 2287; x_wconf 91' lang='lat' dir='ltr'><strong>sint</strong></span> <span class='ocrx_word' id='word_1_172' title='bbox 956 2247 1060 2288; x_wconf 91' lang='lat' dir='ltr'><strong>conse-</strong></span> 
     </span>
     <span class='ocr_line' id='line_1_22' title="bbox 118 2326 1060 2411; baseline 0 -26"><span class='ocrx_word' id='word_1_173' title='bbox 118 2337 201 2386; x_wconf 86' lang='lat' dir='ltr'><strong>cuta:</strong></span> <span class='ocrx_word' id='word_1_174' title='bbox 223 2329 348 2411; x_wconf 93' lang='lat' dir='ltr'><strong>primum</strong></span> <span class='ocrx_word' id='word_1_175' title='bbox 370 2328 418 2386; x_wconf 87' lang='lat' dir='ltr'><strong>illa</strong></span> <span class='ocrx_word' id='word_1_176' title='bbox 438 2327 510 2386; x_wconf 86' lang='lat' dir='ltr'><strong>suria</strong></span> <span class='ocrx_word' id='word_1_177' title='bbox 530 2326 711 2386; x_wconf 89' lang='lat' dir='ltr'><strong>muliebrium</strong></span> <span class='ocrx_word' id='word_1_178' title='bbox 732 2327 913 2402; x_wconf 85' lang='lat' dir='ltr'><strong>religionum,</strong></span> <span class='ocrx_word' id='word_1_179' title='bbox 931 2329 981 2402; x_wconf 93' lang='lat' dir='ltr'><strong>qui</strong></span> <span class='ocrx_word' id='word_1_180' title='bbox 999 2346 1060 2386; x_wconf 93' lang='lat' dir='ltr'><strong>non</strong></span> 
     </span>
     <span class='ocr_line' id='line_1_23' title="bbox 117 2425 1061 2501; baseline 0.002 -19"><span class='ocrx_word' id='word_1_181' title='bbox 117 2425 205 2500; x_wconf 91' lang='lat' dir='ltr'><strong>pluris</strong></span> <span class='ocrx_word' id='word_1_182' title='bbox 225 2425 332 2485; x_wconf 86' lang='lat' dir='ltr'><strong>fecerat</strong></span> <span class='ocrx_word' id='word_1_183' title='bbox 351 2427 466 2485; x_wconf 89' lang='lat' dir='ltr'><strong>Bonam</strong></span> <span class='ocrx_word' id='word_1_184' title='bbox 481 2426 566 2489; x_wconf 91' lang='lat' dir='ltr'><strong>deam</strong></span> <span class='ocrx_word' id='word_1_185' title='bbox 586 2443 675 2500; x_wconf 90' lang='lat' dir='ltr'><strong>quarn</strong></span> <span class='ocrx_word' id='word_1_186' title='bbox 694 2435 751 2484; x_wconf 90' lang='lat' dir='ltr'><strong>tres</strong></span> <span class='ocrx_word' id='word_1_187' title='bbox 766 2443 890 2494; x_wconf 90' lang='lat' dir='ltr'><strong>sorores,</strong></span> <span class='ocrx_word' id='word_1_188' title='bbox 904 2425 1061 2501; x_wconf 87' lang='lat' dir='ltr'><strong>impunita·</strong></span> 
     </span>
     <span class='ocr_line' id='line_1_24' title="bbox 112 2522 1061 2598; baseline 0.003 -20"><span class='ocrx_word' id='word_1_189' title='bbox 112 2535 176 2582; x_wconf 87' lang='lat' dir='ltr'><strong>tem</strong></span> <span class='ocrx_word' id='word_1_190' title='bbox 191 2535 235 2582; x_wconf 93' lang='lat' dir='ltr'><strong>est</strong></span> <span class='ocrx_word' id='word_1_191' title='bbox 250 2524 363 2581; x_wconf 90' lang='lat' dir='ltr'><strong>illorum</strong></span> <span class='ocrx_word' id='word_1_192' title='bbox 383 2523 531 2581; x_wconf 89' lang='lat' dir='ltr'><strong>sententiis</strong></span> <span class='ocrx_word' id='word_1_193' title='bbox 546 2522 708 2593; x_wconf 73' lang='lat' dir='ltr'><strong>adsecutus</strong></span> <span class='ocrx_word' id='word_1_194' title='bbox 723 2522 780 2598; x_wconf 94' lang='lat' dir='ltr'><strong>qui,</strong></span> <span class='ocrx_word' id='word_1_195' title='bbox 796 2540 863 2580; x_wconf 92' lang='lat' dir='ltr'><strong>curn</strong></span> <span class='ocrx_word' id='word_1_196' title='bbox 876 2523 1008 2581; x_wconf 89' lang='lat' dir='ltr'><strong>tribunus</strong></span> <span class='ocrx_word' id='word_1_197' title='bbox 1022 2524 1061 2598; x_wconf 90' lang='lat' dir='ltr'><strong>pl.</strong></span> 
     </span>
     <span class='ocr_line' id='line_1_25' title="bbox 116 2620 1061 2698; baseline -0.001 -19"><span class='ocrx_word' id='word_1_198' title='bbox 116 2639 229 2696; x_wconf 88' lang='lat' dir='ltr'><strong>poenas</strong></span> <span class='ocrx_word' id='word_1_199' title='bbox 244 2639 262 2679; x_wconf 89' lang='lat' dir='ltr'><strong>a</strong></span> <span class='ocrx_word' id='word_1_200' title='bbox 277 2621 416 2680; x_wconf 90' lang='lat' dir='ltr'><strong>seditioso</strong></span> <span class='ocrx_word' id='word_1_201' title='bbox 438 2621 492 2679; x_wconf 88' lang='lat' dir='ltr'><strong>civi</strong></span> <span class='ocrx_word' id='word_1_202' title='bbox 512 2620 679 2696; x_wconf 89' lang='lat' dir='ltr'><strong>perbonos</strong></span> <span class='ocrx_word' id='word_1_203' title='bbox 701 2620 777 2678; x_wconf 91' lang='lat' dir='ltr'><strong>viros</strong></span> <span class='ocrx_word' id='word_1_204' title='bbox 799 2620 905 2678; x_wconf 89' lang='lat' dir='ltr'><strong>iudicio</strong></span> <span class='ocrx_word' id='word_1_205' title='bbox 924 2623 1061 2698; x_wconf 89' lang='lat' dir='ltr'><strong>persequi</strong></span> 
     </span>
     <span class='ocr_line' id='line_1_26' title="bbox 117 2717 1061 2795; baseline 0.002 -20"><span class='ocrx_word' id='word_1_206' title='bbox 117 2718 208 2790; x_wconf 90' lang='lat' dir='ltr'><strong>vellet,</strong></span> <span class='ocrx_word' id='word_1_207' title='bbox 224 2719 392 2795; x_wconf 87' lang='lat' dir='ltr'><strong>exemplum</strong></span> <span class='ocrx_word' id='word_1_208' title='bbox 412 2717 671 2795; x_wconf 89' lang='lat' dir='ltr'><strong>praeclarissimum</strong></span> <span class='ocrx_word' id='word_1_209' title='bbox 693 2720 723 2776; x_wconf 92' lang='lat' dir='ltr'><strong>in</strong></span> <span class='ocrx_word' id='word_1_210' title='bbox 744 2728 893 2794; x_wconf 88' lang='lat' dir='ltr'><strong>posterum</strong></span> <span class='ocrx_word' id='word_1_211' title='bbox 914 2719 1061 2777; x_wconf 89' lang='lat' dir='ltr'><strong>vindican-</strong></span> 
     </span>
     <span class='ocr_line' id='line_1_27' title="bbox 119 2814 1062 2892; baseline 0 -18"><span class='ocrx_word' id='word_1_212' title='bbox 119 2817 173 2874; x_wconf 89' lang='lat' dir='ltr'><strong>dae</strong></span> <span class='ocrx_word' id='word_1_213' title='bbox 188 2816 337 2876; x_wconf 90' lang='lat' dir='ltr'><strong>seditionis</strong></span> <span class='ocrx_word' id='word_1_214' title='bbox 357 2817 394 2875; x_wconf 94' lang='lat' dir='ltr'><strong>de</strong></span> <span class='ocrx_word' id='word_1_215' title='bbox 413 2835 443 2874; x_wconf 91' lang='lat' dir='ltr'><strong>re</strong></span> <span class='ocrx_word' id='word_1_216' title='bbox 462 2815 579 2892; x_wconf 92' lang='lat' dir='ltr'><strong>publica</strong></span> <span class='ocrx_word' id='word_1_217' title='bbox 597 2814 788 2887; x_wconf 79' lang='lat' dir='ltr'><strong>sustulerunt3</strong></span> <span class='ocrx_word' id='word_1_218' title='bbox 810 2814 944 2890; x_wconf 91' lang='lat' dir='ltr'><strong>idemque</strong></span> <span class='ocrx_word' id='word_1_219' title='bbox 958 2829 1062 2891; x_wconf 89' lang='lat' dir='ltr'><strong>postea</strong></span> 
     </span>
     <span class='ocr_line' id='line_1_28' title="bbox 117 2913 1062 2976; baseline 0.002 -4"><span class='ocrx_word' id='word_1_220' title='bbox 117 2933 177 2972; x_wconf 92' lang='lat' dir='ltr'><strong>non</strong></span> <span class='ocrx_word' id='word_1_221' title='bbox 206 2933 305 2972; x_wconf 89' lang='lat' dir='ltr'><strong>meum</strong></span> <span class='ocrx_word' id='word_1_222' title='bbox 331 2926 679 2972; x_wconf 88' lang='lat' dir='ltr'><strong>monumentum-non</strong></span> <span class='ocrx_word' id='word_1_223' title='bbox 705 2914 784 2976; x_wconf 88' lang='lat' dir='ltr'><strong>enim</strong></span> <span class='ocrx_word' id='word_1_224' title='bbox 813 2913 876 2971; x_wconf 86' lang='lat' dir='ltr'><strong>illae</strong></span> <span class='ocrx_word' id='word_1_225' title='bbox 908 2916 1062 2974; x_wconf 88' lang='lat' dir='ltr'><strong>manubiae</strong></span> 
     </span>
     <span class='ocr_line' id='line_1_29' title="bbox 119 3010 1062 3088; baseline -0.001 -18"><span class='ocrx_word' id='word_1_226' title='bbox 119 3031 210 3083; x_wconf 90' lang='lat' dir='ltr'><strong>meae,</strong></span> <span class='ocrx_word' id='word_1_227' title='bbox 240 3011 291 3070; x_wconf 92' lang='lat' dir='ltr'><strong>sed</strong></span> <span class='ocrx_word' id='word_1_228' title='bbox 319 3013 417 3088; x_wconf 88' lang='lat' dir='ltr'><strong>operis</strong></span> <span class='ocrx_word' id='word_1_229' title='bbox 445 3012 552 3077; x_wconf 87' lang='lat' dir='ltr'><strong>locatio</strong></span> <span class='ocrx_word' id='word_1_230' title='bbox 580 3029 646 3069; x_wconf 91' lang='lat' dir='ltr'><strong>mea</strong></span> <span class='ocrx_word' id='word_1_231' title='bbox 674 3010 815 3082; x_wconf 88' lang='lat' dir='ltr'><strong>suerat-,</strong></span> <span class='ocrx_word' id='word_1_232' title='bbox 839 3022 1062 3069; x_wconf 89' lang='lat' dir='ltr'><strong>monumentum</strong></span> 
     </span>
     <span class='ocr_line' id='line_1_30' title="bbox 119 3108 1062 3174; baseline 0.002 -8"><span class='ocrx_word' id='word_1_233' title='bbox 119 3128 187 3168; x_wconf 87' lang='lat' dir='ltr'><strong>vero</strong></span> <span class='ocrx_word' id='word_1_234' title='bbox 209 3120 325 3168; x_wconf 89' lang='lat' dir='ltr'><strong>senatus</strong></span> <span class='ocrx_word' id='word_1_235' title='bbox 350 3108 447 3174; x_wconf 89' lang='lat' dir='ltr'><strong>hostili</strong></span> <span class='ocrx_word' id='word_1_236' title='bbox 471 3109 591 3167; x_wconf 90' lang='lat' dir='ltr'><strong>nomine</strong></span> <span class='ocrx_word' id='word_1_237' title='bbox 614 3119 643 3167; x_wconf 90' lang='lat' dir='ltr'><strong>et</strong></span> <span class='ocrx_word' id='word_1_238' title='bbox 666 3108 792 3167; x_wconf 87' lang='lat' dir='ltr'><strong>cruentis</strong></span> <span class='ocrx_word' id='word_1_239' title='bbox 816 3109 944 3166; x_wconf 91' lang='lat' dir='ltr'><strong>inustum</strong></span> <span class='ocrx_word' id='word_1_240' title='bbox 964 3108 1062 3168; x_wconf 89' lang='lat' dir='ltr'><strong>litteris</strong></span> 
     </span>
     <span class='ocr_line' id='line_1_31' title="bbox 119 3203 1063 3283; baseline 0.001 -18"><span class='ocrx_word' id='word_1_241' title='bbox 119 3226 183 3266; x_wconf 90' lang='lat' dir='ltr'><strong>esse</strong></span> <span class='ocrx_word' id='word_1_242' title='bbox 208 3206 285 3283; x_wconf 90' lang='lat' dir='ltr'><strong>passi</strong></span> <span class='ocrx_word' id='word_1_243' title='bbox 315 3216 389 3264; x_wconf 85' lang='lat' dir='ltr'><strong>sunt.</strong></span> <span class='ocrx_word' id='word_1_244' title='bbox 432 3206 492 3279; x_wconf 90' lang='lat' dir='ltr'><strong>Qui</strong></span> <span class='ocrx_word' id='word_1_245' title='bbox 519 3223 568 3264; x_wconf 90' lang='lat' dir='ltr'><strong>me</strong></span> <span class='ocrx_word' id='word_1_246' title='bbox 594 3203 729 3263; x_wconf 90' lang='lat' dir='ltr'><strong>homines</strong></span> <span class='ocrx_word' id='word_1_247' title='bbox 757 3204 837 3281; x_wconf 94' lang='lat' dir='ltr'><strong>quod</strong></span> <span class='ocrx_word' id='word_1_248' title='bbox 860 3205 971 3262; x_wconf 89' lang='lat' dir='ltr'><strong>salvum</strong></span> <span class='ocrx_word' id='word_1_249' title='bbox 997 3225 1063 3266; x_wconf 91' lang='lat' dir='ltr'><strong>esse</strong></span> 
     </span>
     <span class='ocr_line' id='line_1_32' title="bbox 120 3303 1062 3381; baseline -0.004 -15"><span class='ocrx_word' id='word_1_250' title='bbox 120 3308 280 3378; x_wconf 92' lang='lat' dir='ltr'><strong>voluerunt,</strong></span> <span class='ocrx_word' id='word_1_251' title='bbox 296 3315 340 3365; x_wconf 90' lang='lat' dir='ltr'><strong>est</strong></span> <span class='ocrx_word' id='word_1_252' title='bbox 361 3305 432 3364; x_wconf 90' lang='lat' dir='ltr'><strong>mihi</strong></span> <span class='ocrx_word' id='word_1_253' title='bbox 453 3305 648 3381; x_wconf 80' lang='lat' dir='ltr'><strong>gratissimum</strong></span> <span class='ocrx_word' id='word_1_254' title='bbox 658 3323 667 3376; x_wconf 90' lang='lat'>;</span> <span class='ocrx_word' id='word_1_255' title='bbox 690 3303 742 3362; x_wconf 90' lang='lat' dir='ltr'><strong>sed</strong></span> <span class='ocrx_word' id='word_1_256' title='bbox 763 3303 865 3361; x_wconf 89' lang='lat' dir='ltr'><strong>vellem</strong></span> <span class='ocrx_word' id='word_1_257' title='bbox 886 3322 947 3361; x_wconf 92' lang='lat' dir='ltr'><strong>non</strong></span> <span class='ocrx_word' id='word_1_258' title='bbox 968 3305 1062 3362; x_wconf 90' lang='lat' dir='ltr'><strong>solum</strong></span> 
     </span>
     <span class='ocr_line' id='line_1_33' title="bbox 120 3400 1063 3482; baseline -0.005 -17"><span class='ocrx_word' id='word_1_259' title='bbox 120 3405 218 3466; x_wconf 86' lang='lat' dir='ltr'><strong>salutis</strong></span> <span class='ocrx_word' id='word_1_260' title='bbox 240 3422 333 3475; x_wconf 88' lang='lat' dir='ltr'><strong>meae,</strong></span> <span class='ocrx_word' id='word_1_261' title='bbox 360 3421 448 3482; x_wconf 91' lang='lat' dir='ltr'><strong>quem</strong></span> <span class='ocrx_word' id='word_1_262' title='bbox 472 3401 654 3462; x_wconf 88' lang='lat' dir='ltr'><strong>admodum</strong></span> <span class='ocrx_word' id='word_1_263' title='bbox 675 3401 790 3474; x_wconf 89' lang='lat' dir='ltr'><strong>medici,</strong></span> <span class='ocrx_word' id='word_1_264' title='bbox 811 3400 870 3474; x_wconf 91' lang='lat' dir='ltr'><strong>sed,</strong></span> <span class='ocrx_word' id='word_1_265' title='bbox 894 3410 925 3460; x_wconf 89' lang='lat' dir='ltr'><strong>ut</strong></span> <span class='ocrx_word' id='word_1_266' title='bbox 950 3400 1063 3476; x_wconf 89' lang='lat' dir='ltr'><strong>aliptae,</strong></span> 
     </span>
    </p>
   </div>
   <div class='ocr_carea' id='block_1_3' title="bbox 0 0 1187 3810">
    <p class='ocr_par' dir='ltr' id='par_1_3' title="bbox 0 0 1187 3810">
     <span class='ocr_line' id='line_1_34' title="bbox 0 0 1187 3810; baseline 0 0"><span class='ocrx_word' id='word_1_267' title='bbox 0 0 1187 3810; x_wconf 95' lang='lat' dir='ltr'><strong> </strong></span> 
     </span>
    </p>
   </div>
  </div>
 </body>
</html>
