2356 3810
56 198 187 290 rp.114.]
255 216 368 266 arrsr.
390 215 440 263 no
460 215 681 264 rAMrrrAnrs
702 216 750 264 rr.
776 201 827 266 28.
938 218 1000 285 233

241 444 307 498 114.
349 439 406 498 AD
427 440 680 499 FAMILIARES
702 439 754 498 XI.
780 441 825 498 28.

153 552 219 614 Scir.
242 553 351 613 Ronnr
371 573 506 613 nxrunrr
526 572 619 614 nausa
640 553 724 613 Maro
745 571 828 613 nuc.
851 565 919 626 710.

355 678 464 718 aramus
485 678 618 719 crcrnonr
638 677 699 718 sar.

102 803 113 834 i
159 777 295 836 Maeuiam
329 776 505 851 voluptatem
536 794 572 833 ex
600 775 656 833 tuis
684 775 782 832 litteris
811 776 884 851 cepi,
912 774 1001 850 quod,

57 892 145 949 quam
163 891 311 949 speraram
328 884 415 949 atque
434 883 575 948 optaram,
591 873 696 931 habere
712 883 740 930 te
762 872 797 930 de
817 891 865 929 me
887 873 1002 947 opinio·

58 992 125 1031 nem
148 973 292 1048 cognovi3
315 972 352 1029 de
373 989 432 1046 qua
452 972 505 1029 etsi
526 989 587 1029 non
608 971 786 1041 dubitabam,
806 981 912 1041 tamen,
934 971 1002 1046 quia

57 1072 177 1129 maximi
202 1071 400 1139 aestimabam,
421 1079 454 1127 ut
477 1071 644 1145 incorrupta
664 1079 802 1140 maneret,
824 1070 1001 1128 laborabam.

59 1169 202 1226 Conscius
220 1178 317 1225 autem
336 1167 406 1224 mihi
421 1181 501 1224 eram
523 1166 593 1223 nihil
610 1185 627 1224 a
647 1185 695 1225 me
716 1168 907 1225 commissum
928 1184 1001 1236 esse,

58 1267 139 1342 quod
166 1265 237 1323 boni
265 1265 435 1339 cuiusquam
465 1263 626 1321 offenderet
658 1264 805 1322 animum:
841 1281 877 1321 eo
905 1262 1003 1319 minus

59 1363 215 1428 credebam
245 1362 374 1437 plurimis
402 1371 488 1436 atque
523 1361 642 1436 optimis
677 1362 785 1419 artibus
819 1371 923 1418 ornato
951 1359 1002 1416 tibi

59 1473 167 1518 temere
182 1456 339 1534 quicquam
353 1458 518 1533 persuaderi
532 1459 670 1533 potuisse,
686 1459 855 1533 praesertim
869 1459 899 1515 in
914 1475 1002 1533 quem

59 1577 126 1615 mea
149 1573 295 1632 propensa
320 1565 348 1612 et
371 1567 512 1630 perpetua
533 1555 634 1614 fuisset
661 1565 748 1632 atque
776 1566 852 1615 esset
876 1558 1003 1613 benevo-

59 1655 162 1724 lentia3
195 1653 443 1728 quodquoniam,
467 1664 499 1710 ut
521 1654 605 1730 volui,
632 1655 693 1712 scio
718 1672 790 1726 esse,
815 1652 1002 1729 respondebo
1061 1657 1063 1661 ’

60 1753 235 1821 criminibus,
258 1750 362 1826 quibus
383 1762 414 1807 tu
437 1769 491 1826 pro
512 1769 568 1821 me,
591 1761 622 1808 ut
642 1769 695 1826 par
715 1761 776 1809 erat
795 1761 846 1808 tua
867 1749 1005 1824 singulari

60 1851 188 1908 bonitate
216 1857 244 1905 et
276 1847 401 1904 amicitia
434 1857 540 1918 nostra,
569 1866 657 1922 saepe
689 1849 823 1906 restitisti.
869 1866 894 1906 2.
925 1846 1005 1905 Nota

61 1950 139 2006 enim
153 1945 223 2002 mihi
238 1954 312 2013 sunt,
328 1962 401 2018 quae
417 1945 446 2001 in
461 1963 508 2002 me
526 1958 593 2019 post
607 1944 739 2003 Caesaris
760 1955 883 2002 mortem
902 1954 1005 2000 contu·

61 2047 160 2105 lerint:
182 2045 250 2102 vitio
271 2043 340 2100 mihi
362 2044 439 2112 dant,
458 2044 537 2119 quod
558 2055 682 2102 mortem
703 2043 829 2101 hominis
849 2042 1004 2099 necessarii

62 2145 185 2220 graviter
206 2142 267 2199 lero
289 2152 375 2216 atque
397 2159 472 2210 eum,
495 2159 582 2216 quem
604 2141 698 2212 dilexi,
720 2141 828 2216 perisse
849 2140 1003 2214 indignor;

62 2245 141 2301 aiunt
155 2240 233 2297 enim
247 2240 369 2313 patriam
385 2239 525 2296 amicitiae
539 2239 778 2315 praeponendam
795 2256 867 2307 esse,
883 2237 1006 2312 proinde

63 2359 97 2398 ae
119 2339 141 2396 si
159 2339 217 2394 iam
231 2337 348 2394 vicerint
370 2336 480 2394 obitum
503 2337 565 2393 eius
586 2337 626 2393 rei
641 2337 772 2410 publicae
791 2335 879 2392 fuisse
898 2334 1007 2391 utilem.

66 2437 123 2494 Sed
151 2453 212 2492 non
240 2452 326 2508 agam
354 2443 464 2491 astute:
500 2433 592 2492 fateor
619 2452 667 2491 me
700 2434 737 2491 ad
765 2434 851 2490 istum
884 2432 1008 2507 gradum

66 2535 222 2609 sapientiae
235 2550 296 2590 non
310 2532 491 2607 pervenisse;
514 2550 608 2608 neque
627 2532 707 2589 enim
726 2530 882 2589 Caesarem
901 2531 931 2586 in
952 2529 1009 2587 dis-

66 2631 201 2689 sensione
223 2624 295 2697 civili
317 2647 382 2686 sum
404 2639 528 2699 secutus
551 2630 603 2686 sed
624 2630 759 2699 amicum,
779 2646 957 2703 quamquam
978 2646 1009 2686 re

65 2728 242 2796 offendebar,
265 2738 364 2785 tamen
388 2744 450 2783 non
473 2727 596 2795 deserui,
619 2743 713 2801 neque
738 2726 847 2783 bellum
869 2744 1009 2800 umquam

65 2826 146 2884 civile
162 2825 313 2882 autetiam
332 2842 451 2882 causam
470 2823 658 2881 dissensionis
673 2823 800 2898 probavi,
816 2840 904 2898 quam
923 2823 1009 2880 etiam

65 2933 234 2982 nascentem
257 2923 400 2996 exstingui
425 2939 539 2979 summe
567 2920 671 2978 studui.
713 2918 815 2994 Itaque
839 2920 869 2976 in
893 2920 1010 2977 victoria

67 3022 191 3080 hominis
212 3020 366 3078 necessarii
387 3037 482 3095 neque
496 3017 615 3076 honoris
637 3035 732 3091 neque
750 3016 891 3092 pecuniae
913 3017 1009 3075 dulce-

68 3121 135 3177 dine
163 3137 228 3176 sum
257 3127 366 3193 captus
391 3119 494 3193 quibus
519 3115 653 3191 praemiis
677 3115 785 3188 reliqui,
811 3115 907 3171 minus
931 3114 1010 3188 apud

67 3235 134 3275 eum
159 3234 246 3292 quarn
275 3233 331 3291 ego
357 3206 426 3272 cum
453 3223 581 3289 possent,
607 3212 795 3270 immoderate
823 3220 890 3268 sunt
916 3211 1007 3270 abusi.

69 3316 165 3391 Atque
189 3314 273 3371 etiam
299 3330 345 3370 res
366 3312 511 3371 familiaris
536 3328 602 3368 mea
622 3309 686 3385 lege
707 3309 839 3367 Caesaris
862 3308 1009 3369 deminuta

68 3422 119 3484 est,
136 3413 217 3471 cuius
231 3410 373 3470 beneficio
387 3410 523 3486 plerique,
539 3409 588 3486 qui
603 3407 735 3466 Caesaris
754 3416 846 3464 morte
860 3407 1009 3482 laetantur,
