2356 3810
883 38 904 53 1,
976 38 1115 88 ,ΗΑΛ

474 254 513 305 rr.
538 254 657 304 ruram
678 255 867 305 orornorvrs
1038 243 1138 330 [rma

439 434 466 490 9.
508 427 564 489 AD
585 429 781 489 ATTICUM
802 431 841 489 II.
867 450 890 490 1.

357 543 422 606 Scn.
446 546 554 606 Roman
575 564 668 604 mansa
690 543 775 605 luruo
796 565 878 606 nuc.
902 547 970 622 694.

512 662 615 703 crcnso
635 661 741 703 nrrrco
761 660 823 701 sar.

238 766 262 806 1.
284 747 361 807 Km.
391 748 480 808 Iuniis
504 750 582 808 eunti
606 749 677 806 mihi
699 750 821 807 Antium
843 759 872 807 et
895 747 1072 825 gladiatores
1094 745 1135 808 M.

194 843 303 903 Metelli
317 845 421 921 cupide
433 845 604 922 relinquenti
615 848 691 906 venit
703 847 818 905 obviam
829 856 894 905 tuus
905 865 995 923 puer:
1028 848 1055 906 is
1068 846 1137 905 mihi

193 942 299 1001 litteras
324 944 376 1002 abs
395 953 423 1001 te
442 953 471 1001 et
490 944 733 1002 commentarium
756 943 924 1002 consulatus
948 943 1006 1001 mei
1026 943 1137 1004 Graece

193 1039 331 1116 scriptum
346 1040 487 1112 reddidit;
511 1041 540 1098 in
555 1058 615 1116 quo
630 1040 751 1098 laetatus
773 1058 838 1099 sum
852 1059 892 1096 me
907 1039 1057 1116 aliquanto
1072 1052 1137 1099 ante

193 1137 229 1194 de
244 1137 336 1195 isdem
350 1139 435 1196 rebus
451 1136 563 1196 Graece
581 1138 650 1196 item
672 1138 811 1212 scriptum
831 1138 936 1196 libmm
951 1137 985 1197 L.
1001 1136 1137 1198 Cossinio

192 1234 229 1292 ad
243 1244 271 1292 te
285 1234 491 1311 perferundum
506 1235 640 1293 dedisse:
661 1253 740 1304 nam,
755 1235 779 1293 si
794 1252 851 1310 ego
865 1243 947 1293 tuum
968 1245 1038 1294 ante
1051 1236 1136 1312 legis·

191 1349 262 1401 sem,
285 1331 409 1390 iuratum
431 1350 479 1390 me
504 1333 556 1391 abs
578 1343 607 1390 te
628 1351 692 1390 esse
713 1331 830 1390 diceres.
873 1330 1065 1410 Quamquam
1088 1344 1136 1392 tua

191 1428 335 1503 illa—legi
354 1429 433 1486 enim
454 1428 763 1487 libenter-horridula
784 1427 854 1486 mihi
879 1440 966 1506 atque
985 1429 1135 1508 incompta

189 1526 250 1582 visa
271 1535 346 1595 sunt,
361 1526 414 1584 sed
434 1536 533 1584 tamen
555 1535 637 1584 erant
658 1535 760 1584 ornata
780 1525 837 1585 hoc
857 1526 931 1602 ipso,
946 1528 1028 1611 quod
1050 1546 1134 1588 orna-

189 1633 288 1681 menta
308 1624 505 1699 neglexerant,
520 1634 556 1695 et,
571 1634 603 1682 ut
622 1624 761 1694 mulieres,
778 1625 844 1684 ideo
867 1627 942 1684 bene
964 1625 1053 1698 olere,
1068 1629 1134 1705 quia

189 1721 259 1778 nihil
293 1721 420 1792 olebant,
455 1721 632 1779 videbantur.
688 1721 773 1781 Meus
808 1733 905 1781 autem
938 1723 1011 1782 liber
1040 1735 1132 1783 totum

189 1819 310 1877 Isocrati
338 1818 548 1896 myrothecium
576 1829 663 1896 atque
698 1837 801 1878 omnes
834 1821 895 1880 eius
923 1822 1131 1898 discipulorum

189 1918 301 1976 arculas
316 1935 350 1976 ac
365 1935 425 1975 non
441 1917 510 1974 nihil
526 1918 612 1975 etiam
627 1917 792 1976 Aristotelia
808 1919 957 1996 pigmenta
970 1937 1130 1997 consump-

189 2016 240 2088 sit;
272 2033 359 2091 quem
382 2026 413 2074 tu
434 2014 587 2090 Corcyrae,
610 2025 641 2072 ut
664 2015 735 2072 mihi
760 2016 821 2074 aliis
843 2015 942 2075 litteris
971 2017 1128 2094 significas,

188 2113 308 2170 strictim
335 2112 461 2188 attigisti,
493 2122 561 2187 post
596 2122 700 2183 autem,
732 2122 763 2170 ut
791 2113 962 2185 arbitror,a
991 2113 1129 2175 Cossinio

188 2211 323 2287 accepisti
334 2230 343 2283 ;
369 2228 457 2287 quem
475 2211 525 2270 tibi
547 2228 603 2287 ego
620 2229 682 2268 non
703 2228 799 2269 essem
820 2229 906 2271 ausus
929 2213 1054 2287 mittere,
1074 2215 1129 2275 nisi

187 2328 254 2367 eum
273 2309 349 2367 lente
368 2328 402 2368 ac
421 2309 568 2367 fastidiose
587 2309 795 2384 probavissem.
840 2328 866 2370 a.
887 2308 1078 2387 Quamquam
1091 2313 1129 2372 ad

186 2426 234 2465 me
263 2408 375 2484 scripsit
402 2409 460 2466 iam
488 2407 596 2465 Rhodo
619 2407 794 2465 Posidonius
823 2425 863 2480 se,
890 2418 1025 2468 nostrum
1060 2411 1129 2470 illud

186 2507 318 2576 montana
338 2523 399 2562 cum
421 2503 536 2580 legeret,
551 2504 631 2581 quod
656 2522 712 2579 ego
738 2505 776 2563 ad
798 2523 874 2576 eum,
890 2514 922 2563 ut
939 2507 1071 2568 ornatius
1091 2509 1128 2568 de

186 2603 279 2660 isdem
293 2603 378 2661 rebus
393 2603 537 2672 scriberet,
551 2602 695 2672 miseram,
711 2619 773 2660 non
787 2602 876 2660 modo
895 2620 956 2660 non
970 2605 1127 2664 excitatum

186 2719 249 2758 esse
264 2701 302 2758 ad
319 2700 511 2769 scribendum,
526 2699 579 2758 sed
600 2699 687 2756 etiam
708 2697 794 2775 plane
815 2699 1004 2774 perterritum.
1048 2701 1128 2775 Quid

186 2799 321 2873 quaeris?
350 2798 518 2857 conturbavi
539 2795 684 2854 Graecam
706 2796 871 2855 nationem:
899 2797 947 2867 ita,
968 2799 1057 2876 volgo
1078 2801 1127 2878 qui

185 2895 330 2953 instabant
343 2903 376 2952 ut
390 2895 488 2953 darem
504 2895 557 2951 sibi
572 2893 652 2969 quod
673 2902 819 2964 ornarent,
833 2893 891 2952 iam
906 2893 1042 2954 exhibere
1057 2896 1127 2956 mihi

185 2993 347 3051 molestiam
362 2992 536 3050 destiterunt.
580 2992 637 3059 Tu,
652 2991 677 3049 si
691 2990 742 3047 tibi
757 2990 895 3066 placuerit
916 2978 995 3064 liber,
1012 2995 1127 3053 curabis

184 3101 216 3150 ut
230 3101 258 3149 et
272 3090 393 3148 Athenis
414 3091 449 3147 sit
468 3100 496 3147 et
517 3090 546 3146 in
567 3089 669 3147 ceteris
688 3088 804 3164 oppidis
825 3087 985 3162 Graeciae3
1014 3091 1127 3150 videtur

184 3191 262 3248 enim
283 3206 370 3266 posse
391 3187 498 3264 aliquid
516 3187 620 3244 nostris
639 3186 725 3244 rebus
741 3186 813 3245 lucis
835 3186 956 3246 adferre.
1000 3205 1027 3262 3.
1051 3187 1125 3248 Ora·

183 3287 325 3346 tinneulas
344 3298 441 3345 autem
455 3296 483 3344 et
498 3304 569 3362 quas
584 3284 713 3360 postulas
735 3294 763 3342 et
776 3284 873 3360 plures
894 3285 982 3344 etiam
1001 3286 1124 3359 mittam,

183 3386 321 3461 quoniam
336 3384 453 3460 quidem
468 3402 510 3451 ea,
522 3401 596 3458 quae
608 3399 662 3440 nos
677 3381 828 3440 scribimus
842 3381 1125 3443 adulescentulorum

183 3484 283 3541 studiis
302 3482 424 3553 excitati,
440 3492 467 3540 te
487 3483 573 3542 etiam
592 3480 744 3540 delectant.
785 3479 852 3538 Fuit
868 3480 946 3538 enim
959 3478 1030 3539 mihi
1044 3497 1125 3541 com·
