2356 3810
156 228 217 314 136
378 241 481 307 ‘ra
495 241 613 289 ronan
635 242 823 290 eroanonrs
965 227 1032 317 [rats
1048 242 1093 290 nr.

152 397 277 456 serendis
291 407 398 470 auctor,
414 398 460 457 ille
475 397 586 480 Galliae
601 397 741 456 ulterioris
756 397 913 468 adiunctor,
929 397 975 455 ille
993 418 1093 474 gener,

152 495 198 552 ille
220 496 250 552 in
275 495 443 571 adoptando
468 495 500 554 P.
523 494 630 553 Clodio
653 512 752 568 augur,
774 495 820 552 ille
845 496 1011 553 restituendi
1034 497 1092 554 mei

153 610 241 667 quam
255 581 394 651 retinendi
416 593 579 662 studiosior,
595 591 641 648 ille
660 591 825 666 provinciae
848 605 1031 668 propagator,
1047 595 1093 652 ille

152 689 278 747 absentis
292 691 322 746 in
337 691 472 748 omnibus
493 690 613 758 adiutor,
629 688 707 745 idem
726 688 812 746 etiam
831 690 914 747 tertio
933 691 1094 762 consulatu,

152 796 307 862 postquam
322 805 386 846 esse
397 787 539 846 ¹defensor
557 786 597 844 rei
617 785 749 861 publicae
769 786 873 860 coepit,
889 787 1047 858 contendit,
1062 798 1095 846 ut

153 882 255 941 decem
269 884 375 941 tribuni
389 884 426 959 pl.
442 884 554 953 ferrent,
571 891 602 941 ut
616 883 743 940 absentis
757 884 828 941 ratio
843 883 1001 955 haberetur,
1013 886 1095 961 quod

153 980 230 1037 idem
250 981 312 1056 ipse
334 981 428 1038 sanxit
449 981 514 1057 lege
539 981 666 1056 quadam
688 998 747 1049 sua,
770 978 930 1057 Marcoque
954 981 1095 1041 Marcello

153 1078 264 1136 consuli
282 1079 392 1136 finienti
413 1079 575 1154 provincias
590 1077 698 1136 Gallias
713 1077 912 1136 Kalendarum
925 1079 1095 1139 Martiarum

154 1175 201 1234 die
226 1176 345 1234 restitit:
375 1177 434 1247 sed,
458 1186 490 1233 ut
518 1176 590 1234 haec
617 1176 759 1247 omittam,
782 1177 852 1251 quid
880 1177 1000 1248 foedius,
1025 1177 1096 1252 quid

153 1275 344 1349 perturbatius
365 1274 422 1332 hoc
444 1274 481 1331 ab
500 1274 572 1331 urbe
594 1274 723 1332 discessu
742 1275 801 1333 sive
819 1276 915 1350 potius
931 1277 1096 1352 turpissima

153 1371 241 1446 suga?
269 1389 343 1446 quae
371 1370 506 1428 condicio
531 1387 592 1428 non
618 1371 787 1446 accipienda
811 1373 863 1430 fuit
887 1373 1095 1450 potiusquam

153 1468 341 1543 relinquenda
361 1467 471 1543 patria?
492 1467 585 1524 malae
604 1468 792 1526 condiciones
810 1479 907 1541 erant;
928 1470 1028 1540 fateor,
1042 1471 1095 1529 sed

153 1583 224 1623 num
238 1566 308 1641 quid
322 1565 378 1623 hoc
392 1565 495 1639 peius?
530 1578 563 1636 ⁸4.
583 1565 635 1622 ‘At
651 1566 832 1641 recuperabit
851 1585 912 1625 rem
931 1566 1095 1643 publicam?

154 1661 305 1732 Quando?
323 1672 372 1719 aut
390 1662 459 1736 quid
479 1661 516 1719 ad
535 1679 600 1718 eam
619 1679 702 1736 spem
722 1673 766 1721 est
784 1664 894 1738 parati?
936 1665 1006 1722 Non
1025 1684 1095 1740 ager

154 1746 277 1818 Picenus
298 1759 441 1818 amissus?
483 1758 553 1817 Non
571 1759 746 1835 patefactum
766 1762 819 1819 iter
837 1762 874 1820 ad
892 1763 1012 1822 urbem?
1033 1782 1095 1822 non

155 1858 279 1935 pecunia
299 1858 395 1916 omnis
416 1865 444 1913 et
464 1855 579 1930 publica
603 1867 632 1914 et
654 1857 764 1932 privata
787 1859 949 1918 adversario
973 1861 1095 1920 tradita?

156 1955 290 2032 Denique
311 1954 388 2013 nulla
409 1972 504 2024 causa,
523 1953 617 2011 nullae
639 1955 720 2026 vires,
740 1956 819 2014 nulla
840 1957 931 2028 sedes,
946 1976 1005 2034 quo
1024 1977 1095 2017 con·

156 2064 269 2112 currant
280 2053 329 2130 qui
344 2051 565 2127 rempublicam
581 2051 730 2111 defensam
744 2054 849 2112 velint:
864 2055 970 2130 Apulia
984 2056 1095 2116 delecta

153 2161 206 2223 est,
226 2151 393 2209 inanissima
414 2167 482 2225 pars
501 2149 600 2207 Italiae
621 2160 650 2207 et
671 2151 708 2208 ab
729 2151 838 2227 impetu
859 2152 943 2231 huius
964 2153 1029 2211 belli
1050 2173 1095 2212 re·

154 2249 330 2320 motissima;
361 2247 431 2323 fuga
459 2257 488 2304 et
515 2247 659 2306 maritima
682 2249 885 2324 opportunitas
911 2251 972 2308 visa
996 2253 1094 2326 quaeri

154 2347 361 2422 desperatione.
405 2342 470 2412 †In
484 2354 512 2402 te
526 2346 590 2420 cepi
605 2343 746 2420 Capuam,
758 2364 819 2404 non
828 2365 893 2422 ,quo
907 2365 1013 2405 munus
1025 2348 1092 2424 illud

154 2442 330 2518 defugerem,
345 2441 397 2500 sed
412 2442 441 2498 in
456 2459 491 2498 ea
504 2459 600 2511 causa,
614 2441 645 2498 in
666 2459 724 2517 qua
745 2443 840 2502 nullus
855 2454 931 2502 esset
949 2445 1095 2518 ordinum,

153 2540 248 2599 nullus
275 2548 390 2615 apertus
413 2539 588 2614 privatorum
613 2539 704 2609 dolor,
729 2540 874 2598 bonorum
900 2551 996 2599 autem
1019 2552 1096 2601 esset

154 2638 263 2713 aliquis
276 2637 328 2695 sed
342 2635 440 2706 hebes,
451 2645 483 2693 ut
497 2636 579 2707 solet,
594 2647 630 2707 et,
644 2647 676 2694 ut
689 2637 751 2713 ipse
766 2639 930 2707 sensissem,
941 2639 1094 2697 multitudo

154 2743 182 2790 et
204 2733 321 2790 infimus
345 2733 465 2810 quisque
488 2749 651 2809 propensus
672 2734 703 2791 in
727 2734 846 2792 alteram
868 2744 988 2810 partem,
1010 2735 1093 2793 multi

153 2830 320 2888 mutationis
340 2848 435 2887 rerum
455 2830 560 2906 cupidi,
581 2830 642 2888 dixi
663 2831 718 2907 ipsi
738 2848 785 2888 me
806 2831 875 2888 nihil
894 2840 1095 2906 suscepturum

153 2929 216 2986 sine
243 2927 387 3002 praesidio
416 2937 445 2985 et
473 2929 535 2985 sine
566 2929 706 3002 pecunia;
737 2942 763 3001 5.
785 2929 883 3003 itaque
911 2928 997 2986 habui
1026 2928 1096 2987 nihil

154 3027 275 3083 omnino
295 3025 413 3099 negotii,
431 3026 512 3100 quod
533 3026 570 3083 ab
590 3025 671 3084 initio
693 3026 749 3083 vidi
770 3026 839 3084 nihil
861 3026 959 3101 quaeri
983 3037 1097 3101 praeter

151 3117 268 3196 lugam:
283 3139 348 3180 eam
363 3122 387 3180 si
401 3140 479 3181 nunc
494 3141 607 3197 sequor,
620 3125 769 3197 quonam?
810 3123 886 3182 Cum
901 3123 948 3180 illo
963 3141 1042 3196 non;
1058 3126 1096 3184 ad

154 3238 242 3294 quem
270 3237 337 3278 cum
365 3237 461 3277 essem
486 3220 641 3296 prolectuS,
665 3221 790 3296 cognovi
814 3221 845 3277 in
870 3220 904 3278 iis
932 3219 1003 3279 locis
1031 3240 1095 3279 esse

156 3314 320 3387 Caesarem,
334 3326 366 3374 ut
385 3325 447 3375 tuto
468 3317 620 3375 Luceriam
638 3318 733 3374 venire
753 3335 813 3374 non
827 3335 954 3392 possem.
997 3317 1095 3376 Insero

156 3415 226 3473 mari
241 3415 334 3487 nobis,
349 3415 458 3472 incerto
473 3433 566 3486 cursu,
582 3413 676 3486 hieme
691 3416 817 3473 maxima
832 3414 1028 3490 navigandum
1043 3426 1095 3474 est.
