2356 3810
204 492 272 584 M.
306 489 576 586 TULLII
618 485 1048 587 CICERONIS

296 725 606 800 nrrsrotnn
652 724 952 802 sufficiun.

504 902 625 999 PARS
664 936 727 1001 111.

362 1093 409 1147 46.
451 1088 508 1146 AD
529 1087 723 1147 naricum
743 1087 812 1147 vu.
837 1106 881 1147 10.

221 1201 287 1264 Son.
308 1221 348 1263 An
368 1220 467 1261 vunnu
488 1221 545 1262 xtv.
565 1203 643 1262 Kar.
664 1203 849 1262 Funnunnms
868 1220 951 1264 auc.
976 1216 1044 1279 705.

466 1306 577 1369 cicnno'
589 1327 695 1369 arrico
716 1327 776 1368 san.

195 1423 303 1484 Somno
317 1422 469 1481 consilium
484 1423 556 1498 cepi,
572 1431 602 1480 ut
616 1432 682 1480 ante
697 1440 786 1498 quarn
799 1423 907 1481 luceret
920 1424 1036 1495 exirem,
1052 1443 1089 1483 ne

154 1522 204 1598 qui
231 1529 405 1596 conspectus
433 1519 514 1577 fieret
541 1529 590 1577 aut
617 1537 722 1590 sermo,
749 1519 897 1579 lictoribus
924 1522 1091 1596 praesertim

153 1617 293 1677 laureatis.
335 1615 382 1675 De
396 1615 505 1692 reliquo
519 1634 614 1692 neque
628 1617 742 1675 hercule
756 1618 827 1692 quid
846 1636 932 1693 agam
951 1637 1006 1677 nec
1021 1620 1092 1694 quid

154 1723 268 1773 acturus
289 1697 348 1772 sim*
366 1713 444 1787 scio;
473 1714 513 1772 ita
534 1707 598 1772 s'um
618 1716 799 1790 perturbatus
821 1716 979 1773 temeritate
1000 1717 1092 1774 nostri

154 1812 342 1871 amentissimi
355 1811 474 1870 consilii.
516 1811 585 1870 Tibi
599 1830 667 1871 vero
682 1812 752 1888 quid
772 1813 919 1883 suadeam,
934 1813 1015 1872 cuius
1030 1813 1091 1888 ipse

155 1909 307 1970 consilium
322 1910 481 1986 exspecto?
524 1908 643 1968 Gnaeus
656 1919 755 1969 noster
770 1911 839 1986 quid
854 1911 966 1969 consilii
985 1913 1093 1987 ceperit

112 2031 115 2036 ·
155 2009 283 2084 capiatve
304 2007 412 2076 nescio,
434 2005 529 2064 adhuc
552 2008 584 2064 in
609 2008 724 2083 oppidis
747 2018 891 2068 coartatus
913 2019 942 2067 et
964 2017 1092 2084 stupens.

156 2107 276 2175 Omnes,
292 2103 315 2162 si
331 2104 361 2161 in
376 2103 458 2161 Italia
479 2104 625 2176 consistat,
641 2106 746 2164 erimus
760 2124 834 2177 una;
857 2107 902 2164 sin
916 2106 1006 2177 cedet,
1022 2123 1092 2163 con-

155 2205 208 2263 silii
222 2220 268 2261 res
287 2210 338 2260 est.
379 2199 484 2261 Adhuc
499 2213 584 2274 certe,
599 2204 654 2261 nisi
672 2223 729 2280 ego
750 2205 873 2276 insanio,
888 2205 972 2263 stulte
993 2206 1093 2264 omnia

147 2311 184 2384 ,et
197 2302 319 2359 incaute.
361 2297 418 2367 Tu,
433 2316 551 2375 quaeso,
566 2302 667 2360 crebro
684 2302 723 2360 ad
736 2320 784 2360 me
798 2303 890 2360 scribe
903 2301 948 2360 vel
967 2302 1048 2381 quod
1061 2303 1092 2360 in

155 2398 278 2455 buccam
291 2395 409 2453 venerit.

364 2558 412 2610 47.
452 2552 509 2610 AD
530 2552 723 2614 ATTICUM
744 2555 813 2617 VII.
837 2573 883 2617 11.

237 2665 302 2727 Scn.
325 2685 356 2725 ru
376 2666 531 2726 Cauarum
551 2686 645 2727 uansn
667 2669 810 2729 Iunonum
831 2687 914 2730 nuc.
937 2683 952 2744 7
978 2684 1005 2745 5.

469 2792 572 2834 cmuno
592 2792 697 2835 murco
718 2793 778 2834 sm.

197 2905 222 2947 1.
245 2887 373 2960 Qunuso,
389 2890 529 2966 quidhoc
548 2891 611 2948 cst?
633 2900 681 2947 aut
700 2891 769 2965 quid
790 2891 901 2966 agitur?
922 2891 992 2948 mihi
1014 2892 1092 2950 enim

153 2988 289 3046 tenebrae
311 2997 396 3046 sunt:
419 2985 610 3062 ‘Cingulum'
631 2988 723 3063 inquit
745 2992 816 3046 *nos
836 2999 976 3060 tenemus,
991 2989 1092 3048 Anco·

153 3103 222 3142 nem
246 3084 395 3142 amisimus
402 3104 410 3155 ;
434 3084 579 3142 Labienus
605 3085 735 3143 discessit
760 3105 778 3143 a
803 3085 944 3143 Caesare!
986 3085 1091 3146 Utrum

153 3181 190 3239 de
204 3182 376 3257 imperatore
391 3182 490 3257 populi
505 3181 631 3240 Romani
646 3201 683 3239 an
699 3183 735 3240 de
747 3183 912 3239 Hannibale
927 3183 1092 3258 loquimur?

153 3296 172 3336 o
187 3279 336 3337 hominem
352 3289 496 3337 amentem
511 3288 539 3336 et
553 3280 697 3351 miserum,
711 3280 760 3353 qui
775 3297 812 3336 ne
826 3281 959 3338 umbram
974 3282 1091 3357 quidem
