2348 3788
60 237 107 300 rp.
121 217 183 310 μ]
255 224 370 285 rerer.
391 232 442 282 rr>
461 232 683 284 rrmrrrms
707 229 783 284 rrrr.
807 221 837 286 8.
965 238 1012 305 99

60 388 308 448 auctoritatem
329 387 499 465 perscribi
520 386 614 445 etde
635 405 675 446 ea
694 405 730 445 re
748 387 792 446 ad
810 386 900 445 hunc
920 388 1011 445 ordi-

61 504 141 544 nem
160 485 292 544 referri.
332 484 424 543 Huic
443 501 466 544 s
486 503 513 544 c.
529 485 729 543 intercessit
751 483 785 544 C.
803 484 951 556 Caelius,
970 484 1009 546 C.

61 582 187 653 Pansa,
201 582 331 640 tribuni
345 581 389 658 pl

105 684 133 740 8.
154 679 312 756 Itemque
335 680 471 738 senatui
489 678 629 756 placere
646 680 682 739 in
699 679 857 739 Ciliciam
877 681 1010 756 provin-

61 779 161 849 ciam,
184 779 222 836 irr
243 790 308 836 r'rrr
329 778 484 854 reliquas
509 781 712 854 provincias,
732 796 819 855 quas
845 780 1011 856 praetorii

62 895 127 955 pro
151 886 311 953 praetore
335 877 542 946 obtinerent
562 893 630 948 eos,
651 877 712 952 qni
737 886 918 952 praetores
942 876 1010 936 sue

61 984 143 1034 runt
164 988 275 1050 neque
298 974 332 1031 in
355 974 572 1050 provinciam
590 989 669 1033 cuns
690 976 839 1051 imperio
861 974 1009 1044 fuerunt,

61 1085 152 1149 quos
176 1087 301 1142 eorum,
323 1085 365 1128 ex
391 1087 414 1128 s.
436 1087 462 1130 c.
487 1083 565 1128 cum
585 1071 734 1146 imperio
754 1072 791 1128 iu
815 1073 1010 1146 provincias

61 1181 132 1245 pro·
146 1179 312 1243 praetore
334 1168 425 1225 mitti
447 1176 632 1243 oporteret,
653 1185 716 1227 eos
732 1169 862 1226 sortito
877 1169 912 1225 in
934 1186 1011 1243 pro·

61 1267 198 1325 vincias
229 1266 321 1324 mitti
354 1266 508 1342 placere;
546 1266 580 1349 εἰ,
605 1277 649 1323 err
673 1285 715 1325 eo
742 1280 893 1336 numero,
924 1285 1010 1342 quos

61 1381 107 1423 ex
134 1377 158 1424 s.
182 1383 208 1424 c.
235 1365 269 1422 irr
298 1364 499 1440 provincias
529 1364 579 1421 ire
609 1375 798 1440 oporteret,
828 1363 869 1421 ad
896 1377 1009 1422 nume·

62 1478 137 1520 rum
168 1477 237 1520 non
269 1471 394 1531 essent,
428 1461 486 1538 qui
518 1462 556 1519 in
584 1477 643 1520 eas
675 1463 872 1538 provincias
905 1461 1008 1536 proli·

63 1562 289 1628 ciscerentur,
307 1567 378 1616 tum
398 1560 449 1617 uti
469 1558 632 1636 quodque
656 1560 843 1636 collegium
864 1560 1008 1636 primum

62 1664 262 1734 praetorum
284 1654 411 1714 fuisset
438 1675 552 1732 neque
575 1658 609 1714 in
634 1653 836 1733 provincias
860 1655 1009 1733 profecti

63 1753 257 1822 essentne
279 1763 378 1811 sorte·
396 1755 434 1811 in
458 1755 657 1830 provincias
679 1754 990 1831 proficiscerentur
999 1775 1007 1826 ;
1026 1805 1035 1814 .
1060 1779 1063 1784 ·

63 1852 93 1909 si
124 1851 149 1908 ii
182 1851 228 1909 ad·
258 1870 437 1910 numerum
469 1864 540 1910 non
574 1861 700 1923 essent,
728 1862 810 1910 tune
845 1853 1008 1929 deinceps

63 1949 213 2026 proximi
233 1950 403 2026 cuiusque
418 1948 567 2026 collegii,
585 1950 644 2026 qui
661 1959 841 2025 praetores
859 1949 1009 2008 luissent

64 2064 178 2126 neque
204 2050 239 2107 in
266 2050 464 2124 provincias
491 2045 643 2125 profecti
666 2058 791 2118 essent,
819 2048 853 2105 in
880 2058 1008 2106 sortem

64 2147 333 2217 coniicerentur,
358 2147 470 2222 quoad
494 2147 523 2205 is
547 2160 710 2205 numer-us
732 2139 880 2204 effectus
907 2156 1007 2216 esset,

65 2261 165 2320 quem
179 2243 220 2302 ad
238 2262 414 2302 numerum
433 2245 467 2302 in
484 2245 683 2321 provincias
701 2246 791 2303 mitti
809 2253 988 2319 oporteret
997 2266 1006 2319 ;

65 2342 94 2399 si
113 2341 190 2416 quis
208 2339 286 2398 huic
298 2359 321 2400 s.
335 2360 361 2400 c.
376 2342 643 2412 intercessisset,
658 2343 850 2401 auctoritas
864 2344 1008 2417 perscri-

64 2440 208 2497 beretur.
260 2437 350 2496 Huic
381 2457 404 2499 s.
436 2457 462 2500 c.
496 2440 695 2499 intercessit
727 2434 761 2500 C.
790 2438 938 2511 Caelius,
972 2440 1007 2503 C.

64 2536 382 2613 Pansa‚tribunipl·.

108 2653 136 2709 9.
157 2634 213 2692 Illa·
229 2646 377 2710 praeterea
396 2635 451 2695 Cn.
466 2636 601 2714 Pompeii!
619 2649 686 2698 sunt
706 2638 912 2710 animadversa,
933 2647 1007 2716 quae

64 2733 192 2791 maxime
213 2733 417 2791 confidentiam
438 2736 590 2793 attulerunt
609 2735 782 2807 bominibus,
801 2746 833 2794 ut
850 2737 956 2794 diceret
975 2752 1012 2795 se·

65 2843 133 2890 ante
158 2831 222 2888 Kal.
247 2830 366 2890 Martias
390 2851 452 2891 non
474 2851 562 2909 posse
587 2835 648 2892 sine
669 2835 771 2892 iniuria
792 2835 828 2893 de
852 2837 1007 2911 provinciis

65 2929 198 2988 Caesaris
216 2939 348 3001 statuere,
362 2941 431 3013 post
450 2931 515 2990 Kal.
533 2931 704 2991 Martiasse
723 2951 782 2991 non
802 2934 1006 3014 dubitaturum.

65 3026 146 3086 Cum·
163 3027 391 3103 interrogaretur,
414 3031 437 3089 si
458 3031 510 3107 qui·
531 3041 595 3088 tum
617 3031 834 3103 intercederent,
856 3033 927 3091 dixit
950 3032 1006 3091 hoc

63 3124 135 3183 nihil
163 3125 307 3197 interesse,
332 3137 429 3186 utrum
451 3127 485 3188 C.
506 3128 618 3188 Caesar
643 3129 753 3187 senatui
782 3129 859 3188 dicto
887 3131 1006 3188 audiens

64 3223 176 3280 futurus
206 3241 267 3281 non
298 3238 373 3285 esset
406 3246 444 3285 arr
474 3237 586 3303 pararet
614 3228 667 3303 qui
691 3237 827 3285 senatum·
851 3227 1006 3287 decernere

64 3332 128 3378 non
152 3331 301 3393 pateretur.
344 3325 450 3397 ‘Quid,
475 3326 511 3384 si’
536 3326 632 3402 inquit·
652 3325 724 3384 alius
750 3330 797 3383 ‘et
819 3326 925 3384 consul
941 3345 1005 3386 esse

64 3428 97 3477 et
121 3419 273 3475 exercitur·
302 3421 408 3469 usna..
436 3423 544 3482 uoletl’
585 3425 626 3483 At
652 3423 699 3481 ille
723 3437 813 3500 quam
835 3423 1006 3485 clementer:
1038 3450 1042 3487 ;
1074 3422 1100 3489 ἱ.

514 3541 560 3583 ra
1039 3547 1044 3553 ·
