2356 3810
172 234 233 299 114
419 231 477 281 rr.
505 231 625 281 rumrr
647 229 837 280 emmonis
998 215 1064 303 [rats
1079 231 1112 279 n.

168 382 279 459 equites
293 391 359 441 ante
375 394 482 441 certam
498 383 574 441 diem
594 382 776 453 decederent,
792 383 831 440 ob
846 399 968 458 eamque
983 400 1111 452 causam,

168 491 230 538 tum
245 482 284 546 ob
299 491 407 539 ceteras
423 481 571 540 Salaminii
588 500 644 540 nos
664 483 694 538 in
708 481 820 538 caelum
835 479 956 538 decretis
974 481 1033 538 suis
1049 499 1113 538 sus-

168 580 301 636 tulerunt.
346 578 404 637 Sed
432 579 489 637 iam
517 579 587 656 quid
616 597 691 654 opus
716 578 863 654 equitatu?
896 577 1010 636 solvunt
1032 579 1113 636 enirn

170 675 331 734 Salaminii:
354 677 409 734 nisi
428 676 501 734 forte
521 677 551 734 id
569 665 702 734 volumus
722 676 809 734 armis
829 675 949 746 efficere,
964 686 996 734 ut
1009 675 1114 733 faenus

168 773 313 848 quaternis
334 774 497 832 centesimis
518 774 633 832 ducant.
674 771 712 830 Et
732 791 789 848 ego
809 773 924 831 audebo
939 773 1034 848 legere
1049 791 1114 830 um-

168 889 256 946 quam
278 880 327 928 aut
347 871 486 946 attingere
508 889 559 929 eos
580 871 677 940 libros,
699 888 774 946 quos
795 879 827 928 tu
849 870 987 942 dilaudas,
1010 871 1033 928 si
1055 871 1114 928 tale

168 969 238 1044 quid
253 968 368 1026 fecero?
390 967 494 1038 Nimis,
504 967 595 1037 nz‘mz'r,
605 968 733 1043 inquam,
748 967 779 1024 in
793 968 849 1026 isto
863 967 985 1025 Brutum
1000 953 1119 1039 amasti,

169 1066 333 1125 dulcissime
349 1065 466 1136 Attice,
491 1083 546 1124 nos
574 1082 674 1122 vereor
701 1083 739 1122 ne
766 1083 878 1140 parum.
920 1065 1016 1141 Atque
1039 1065 1112 1123 haec

168 1164 270 1239 scripsi
291 1181 346 1238 ego
368 1162 405 1221 ad
426 1161 549 1220 Brutum
570 1162 720 1237 scripsisse
740 1171 769 1219 te
786 1162 824 1220 ad
843 1180 898 1220 me.
944 1181 989 1220 10.
1032 1161 1112 1240 Cog-

168 1278 258 1318 nosce
277 1278 355 1318 nunc
374 1269 476 1317 cetera.
518 1258 576 1317 Pro
596 1257 695 1334 Appio
715 1275 770 1316 nos
791 1257 838 1316 hic
858 1259 958 1317 omnia
978 1259 1110 1329 facimuS,

167 1357 290 1416 honeste
317 1365 424 1426 tamen,
453 1356 505 1415 sed
532 1356 618 1432 plane
646 1356 787 1428 libenter3
823 1374 879 1414 nec
907 1357 985 1414 enim
1013 1358 1110 1432 ipsum

168 1456 283 1513 odimus
304 1464 332 1513 et
353 1454 474 1512 Brutum
495 1472 636 1524 amamus,
655 1462 683 1511 et
704 1452 862 1529 Pompeius
883 1454 1002 1512 mirifice
1023 1472 1041 1511 a
1062 1473 1111 1512 me

124 1616 126 1620 ,
168 1552 325 1622 contendit,
346 1570 433 1627 quem
457 1551 622 1609 mehercule
646 1546 712 1626 plus
733 1551 856 1626 plusque
878 1551 908 1608 in
929 1552 989 1610 dies
1010 1552 1108 1627 diligo.

169 1648 203 1707 C.
219 1648 349 1708 Caelium
365 1659 549 1724 quaestorem
563 1648 620 1707 huc
640 1647 737 1705 venire
752 1647 863 1706 audisti.
905 1647 1022 1719 Nescio,
1040 1650 1110 1725 qnid

169 1748 204 1806 sit
212 1766 220 1818 ;
243 1748 295 1805 sed
308 1746 476 1804 Pammenia
490 1745 536 1803 illa
550 1745 621 1802 mihi
639 1763 701 1804 non
715 1745 836 1821 placent
880 1743 946 1821 Ego
960 1765 1008 1804 me
1024 1766 1110 1823 spero

170 1845 292 1904 Athenis
313 1843 375 1909 fore
394 1861 496 1901 mense
518 1842 687 1918 Septembri.
729 1842 862 1900 Tuorum
883 1843 1017 1902 itinerum
1039 1856 1110 1904 tem-

170 1962 243 2020 pora
263 1942 333 2001 scire
355 1960 424 2000 sane
445 1941 537 2000 velim.
579 1941 702 2011 Εὐήθειαν
723 1939 887 2016 Sempronii
903 1941 969 1998 Rufi
985 1945 1110 2018 cognovi

170 2061 206 2100 ex
227 2039 352 2119 ¹epistola
373 2038 555 2114 Corcyraea:
578 2037 648 2114 quid
670 2038 803 2113 quaeris?
824 2038 939 2097 invideo
963 2042 1110 2115 potentiae

168 2139 303 2198 Vestorii.
346 2136 507 2213 Cupiebam
522 2137 608 2194 etiam
623 2153 700 2192 nunc
719 2135 802 2210 plura
820 2135 934 2209 garrire,
951 2137 1003 2194 sed
1017 2137 1109 2197 lucet:

168 2247 251 2313 urget
265 2236 356 2304 turba,
371 2235 485 2293 festinat
505 2233 686 2308 Philogenes.
730 2231 848 2314 Valebis
866 2233 953 2308 igitur
969 2243 997 2291 et
1015 2236 1110 2295 valere

168 2334 269 2391 Piliam
290 2343 318 2391 et
337 2332 493 2390 Caeciliam
512 2340 642 2390 nostram
661 2330 772 2388 iubebis
789 2329 888 2388 litteris
907 2339 936 2389 et
956 2331 1112 2393 salvebisa

169 2449 236 2490 meo
253 2430 403 2490 Cicerone.

367 2593 414 2647 39.
456 2587 513 2646 AD
534 2585 786 2646 FAMILIARES
808 2585 873 2644 XV.
889 2599 917 2661 5.

447 2703 642 2785 ScnRorma
662 2721 747 2762 nuc.
771 2716 838 2777 704.

383 2829 414 2870 n.
437 2830 511 2872 caro
532 2829 554 2870 s.
576 2830 604 2870 n.
624 2829 655 2869 rr.
676 2827 810 2869 ercanom
830 2827 889 2867 nrr.

214 2944 239 2985 1.
262 2925 350 2998 Quor>
365 2937 394 2984 et
407 2944 453 2984 res
472 2925 587 3001 publica
607 2943 655 2982 me
674 2933 703 2982 et
722 2933 822 2982 nostra
836 2923 960 2981 amicitia
973 2921 1111 2995 hortatur,

169 3025 289 3084 libenter
309 3024 392 3095 facio,
406 3034 439 3081 ut
459 3033 539 3081 tuam
560 3023 700 3091 virtutem,
715 3021 918 3090 innocentiam,
935 3020 1112 3096 diligentiam

169 3122 321 3198 cognitam*
331 3121 362 3178 in
376 3121 510 3178 maximis
530 3121 615 3178 rebus
636 3120 715 3178 dorni
735 3119 834 3194 togati,
849 3119 950 3176 armati
966 3117 1035 3199 foris
1050 3119 1111 3194 pari

170 3219 308 3278 industria
329 3218 527 3276 administrare
548 3217 709 3294 gaudeam:
740 3216 844 3291 itaque,
867 3215 946 3290 quod
966 3233 1020 3291 pro
1042 3233 1112 3274 meo

169 3322 276 3380 iudicio
290 3320 383 3377 facere
404 3319 492 3395 potui,
507 3328 539 3378 ut
559 3318 724 3376 innocentia
741 3316 920 3393 consilioque
941 3326 992 3374 tuo
1012 3316 1113 3374 defen·

171 3438 233 3478 sam
258 3417 445 3495 provinciam,
469 3427 612 3475 servatum
634 3415 838 3474 Ariobarzanis
860 3433 927 3473 cum
953 3414 1018 3490 ipso
1044 3433 1113 3492 rege
