2356 3810
151 219 191 264 10
348 220 352 230 ·
395 230 398 234 ·
422 216 462 267 M.
485 217 609 275 rostri,
625 217 813 266 arcanorum
985 202 1053 289 [Pars
1068 220 1092 268 ι.

148 371 218 428 mihi
240 370 404 431 Canusinus
424 378 490 431 tuus
509 372 618 450 hospes
640 374 771 444 reddidit,
794 369 923 445 tertiam,
936 391 1033 448 quarn,
1058 383 1095 431 ut

149 469 256 538 scribis
279 487 387 527 ancora
407 470 501 528 soluta
522 471 559 530 de
580 471 701 547 phaselo
726 471 847 542 dedisti;
873 490 949 546 quae
973 471 1092 529 fuerunt

149 584 261 636 omnes
283 573 316 625 ut
336 567 483 626 rhetorum
510 559 594 644 pueri
617 569 780 644 loquuntur,
806 566 873 627 enm
900 569 1091 626 humanitatis

149 673 267 738 sparsae
285 664 352 735 sale,
366 674 428 723 turn
447 666 575 741 insignes
593 667 700 724 amoris
719 667 812 724 notis:
835 667 940 743 quibus
958 666 1091 742 epistolis

149 779 215 819 sum
242 762 378 837 equidem
405 763 458 821 abs
486 773 514 820 te
542 764 692 822 lacessitus
721 764 759 822 ad
786 764 1017 834 rescribendum,
1038 765 1091 822 sed

149 860 257 918 idcirco
269 878 333 919 sum
342 861 459 930 tardior,
469 861 548 936 quod
562 879 622 919 non
637 862 752 919 invenio
765 860 880 919 fidelem
893 862 1092 932 tabellarium

150 968 255 1032 quotus
274 958 352 1015 enim
370 959 492 1034 quisque
511 969 563 1029 est,
579 959 628 1036 qui
647 959 800 1034 epistolam
822 960 1093 1035 paulo'graviorem

150 1056 223 1113 ferre
250 1057 349 1137 possit,
372 1057 427 1115 nisi
455 1075 521 1115 eam
542 1058 714 1133 pellectione
736 1057 884 1116 relevarit?
909 1057 1022 1115 accedit
1046 1075 1093 1126 eo,

151 1153 230 1229 quod
246 1153 316 1211 mihi
334 1152 422 1226 non*,
436 1164 469 1212 ut
483 1155 604 1232 quisque
622 1156 652 1213 in
670 1155 791 1232 Epirum
805 1156 1013 1236 proficiscitur:
1035 1173 1095 1230 ego

151 1253 229 1308 enim
254 1261 283 1309 te
306 1253 428 1311 arbitror
449 1253 542 1311 caesis
563 1252 641 1328 apud
661 1253 847 1312 Amaltheam
867 1263 947 1311 tuam
968 1253 1093 1312 victimis

151 1350 246 1408 statim
260 1367 324 1408 esse
338 1349 376 1408 ad
391 1349 546 1426 Sicyonem
556 1350 788 1426 oppugnandum
800 1351 962 1426 profectum
970 1370 979 1422 ;
994 1369 1093 1428 neque

150 1457 249 1504 tamen
266 1446 409 1523 idipsum
424 1458 533 1506 certum
547 1448 651 1520 habeo,
664 1449 781 1526 quando
797 1440 834 1507 ad
848 1449 1011 1507 Antonium
1026 1468 1093 1526 pro·

151 1545 279 1602 ficiscare
302 1554 351 1602 aut
375 1545 445 1621 quid
467 1545 498 1603 in
522 1545 613 1621 Epiro
637 1549 776 1622 temporis
800 1565 912 1623 ponas:
936 1546 976 1604 ita
997 1565 1095 1623 neque

151 1642 285 1700 Achaicis
318 1642 482 1701 hominibus
516 1661 611 1720 neque
643 1644 798 1720 Epiroticis
830 1644 917 1720 paulo
945 1645 1094 1703 liberiores

138 1739 258 1799 litteras
269 1740 448 1799 committere
459 1741 562 1800 audeo.
606 1761 631 1800 2.
654 1743 727 1802 Sunt
741 1752 837 1800 autem
851 1753 918 1818 post
928 1743 1092 1802 discessum

152 1856 170 1896 a
189 1856 236 1896 me
256 1847 338 1896 tuum
359 1857 405 1896 res
426 1837 532 1914 dignae
551 1840 649 1898 litteris
670 1841 784 1910 nostris,
807 1841 939 1899 sednon
958 1840 1093 1900 commit·

117 1942 120 1950 '
151 1936 256 1995 tendae
275 1937 337 1994 eius
355 1937 436 1994 modi
455 1937 592 2013 pericu10,
606 1948 638 1995 ut
657 1948 706 1997 aut
724 1939 836 1996 interire
854 1948 903 1996 aut
922 1940 1026 2014 aperiri
1044 1950 1095 1998 aut

154 2035 284 2110 intercipi
305 2035 426 2110 possint.
468 2035 597 2093 Primum
617 2037 703 2111 igitur
723 2037 794 2095 scito
815 2038 941 2113 primum
961 2054 1010 2095 me
1031 2055 1095 2096 non

153 2152 216 2193 esse
249 2141 383 2209 rogatum
417 2132 588 2191 sententiam
621 2134 877 2209 praepositumque
910 2152 975 2193 esse
1007 2136 1095 2193 nobis

152 2231 364 2307 pacificatorem
389 2230 590 2306 Allobrogum,
615 2231 703 2307 idque
730 2231 964 2290 admurmurante
991 2243 1101 2290 senatu.

153 2347 247 2404 neque
261 2347 308 2386 me
322 2329 410 2387 invito
424 2347 487 2387 esse
501 2329 627 2400 factum;
648 2347 712 2387 sum
727 2330 804 2387 enim
819 2338 848 2386 et
861 2331 897 2387 ab
912 2330 1096 2388 observando

153 2426 270 2485 homine
297 2443 432 2501 perverso
456 2425 536 2497 liber,
562 2436 590 2485 et
614 2426 651 2484 ad
677 2427 845 2502 dignitatem
870 2427 900 2484 in
924 2429 1097 2504 republica

153 2522 333 2584 retinendam
344 2533 445 2582 contra
455 2523 529 2588 illius
539 2524 714 2582 voluntatem
725 2524 843 2594 solutus,
853 2533 882 2582 et
890 2525 937 2583 ille
948 2526 1096 2585 secundus

153 2625 184 2681 in
207 2620 331 2680 dicendo
354 2620 436 2680 loeus
458 2621 546 2679 habet
567 2623 766 2680 auctoritatem
788 2641 882 2698 paene
904 2612 1042 2698 principis
1066 2635 1096 2682 et

153 2714 330 2779 voluntatem
367 2737 429 2777 non
467 2720 553 2778 nimis
587 2720 750 2778 devinctam
783 2720 925 2778 beneficio
960 2722 1096 2779 consulis.

154 2817 271 2877 Tertius
305 2826 349 2875 est
382 2815 512 2887 Catulus,
546 2828 672 2893 quartus
703 2818 728 2875 si
762 2817 849 2876 etiam
883 2818 940 2875 hoc
972 2821 1104 2893 quaeris*

155 2915 338 2974 Hortensius.
380 2913 491 2974 Consul
511 2925 607 2973 autern
629 2916 691 2990 ipse
712 2932 801 2991 parvo
822 2915 920 2972 animo
946 2925 974 2973 et
996 2934 1096 2992 pravo,

154 3023 265 3074 tantum
290 3011 433 3071 cavillator
456 3031 563 3088 genere
587 3013 635 3071 illo
659 3029 788 3083 moroso,
813 3012 894 3088 quod
918 3013 1005 3070 etiam
1034 3014 1097 3071 sine

154 3112 305 3172 dicacitate
317 3110 432 3175 ridetur,
444 3110 516 3168 facie
530 3111 623 3185 magis
638 3127 726 3185 quam
741 3109 850 3168 facetiis
866 3101 1010 3181 ridiculus,
1026 3111 1097 3169 nihil

154 3229 245 3287 agens
266 3226 334 3268 cum
355 3209 528 3283 republica,
551 3209 697 3266 seiunctus
722 3209 759 3265 ab
782 3209 976 3283 optimatibus,
997 3226 1015 3266 a
1036 3226 1096 3285 quo

154 3309 224 3367 nihil
238 3325 336 3384 speres
349 3307 419 3365 boni
433 3307 474 3364 rei
488 3306 628 3381 publicae,
644 3307 712 3381 quia
726 3323 787 3363 non
802 3306 868 3375 volt,
883 3306 954 3363 nihil
969 3302 1095 3387 [speres]

153 3407 230 3477 mali,
245 3406 312 3484 quia
331 3423 392 3463 non
410 3405 504 3465 audet.
547 3403 618 3463 Eius
637 3414 733 3480 autern
754 3403 866 3480 collega
882 3403 953 3462 etin
967 3422 1015 3462 me
1029 3421 1105 3480 perf¹
