2348 3788
85 214 128 277 ap.
145 197 200 284 55]
295 211 408 266 nater.
430 211 480 261 ao
501 210 667 262 arurount
690 213 765 263 vrrr.
788 220 819 286 9.
965 221 1024 287 139

83 365 151 425 belli
172 363 268 434 fuisse,
286 363 339 422 etsi
355 361 390 422 id
409 381 441 422 re
462 373 646 440 perspectum
667 373 835 435 esttamen
856 382 893 424 eo
914 366 1024 442 scripsi,

83 480 144 539 quo
155 463 185 519 in
195 460 346 519 suadendo
357 459 422 536 plus
436 462 614 520 auctoritatis
627 461 773 534 haberem,
785 461 947 539 eodemque
962 482 1026 539 per-

83 564 162 630 tinet,
178 557 258 635 quod
278 576 397 616 causam
413 559 475 617 eius
488 559 591 635 probo.
636 578 662 616 a.
685 559 744 618 Sed
758 560 828 636 quid
841 560 913 618 haec
927 561 1026 619 nunc?

83 659 195 717 utinam
214 655 322 731 aliquid
343 655 504 730 profectum
525 658 618 714 esset!
637 674 675 715 ne
696 674 753 732 ego
775 658 844 716 istas
867 657 973 717 litteras
995 659 1025 715 in

83 755 221 816 contione
245 753 356 810 recitari
378 752 473 823 velim,
495 752 520 811 si
543 753 661 830 quidem
683 754 729 812 ille
753 755 817 829 ipse
840 754 878 813 ad
900 755 1027 814 eundem

84 854 213 913 scribens
231 851 262 908 in
282 849 399 926 publico
418 851 571 926 proposuit
589 851 743 927 epistolam
765 852 852 922 illam,
866 853 897 910 in
911 871 969 928 qua
983 863 1027 912 est

85 957 92 981 ‘
105 967 158 1026 pro
172 949 228 1006 tuis
243 948 329 1005 rebus
340 947 429 1022 gestis
440 946 642 1023 amplissimis!
683 949 919 1026 Amplioribusne
938 969 1027 1027 quam

83 1048 151 1115 suiS,
176 1063 265 1121 quam
293 1043 444 1102 Africani?
487 1043 533 1102 Ita
559 1054 675 1121 tempus
702 1045 827 1118 ferebat3
857 1047 882 1104 si
909 1047 1027 1122 quidem

84 1145 172 1202 etiam
193 1160 245 1200 vos
270 1141 329 1199 duo
350 1141 422 1200 tales
441 1140 480 1199 ad
501 1142 635 1218 quintum
655 1143 928 1221 miliarium—quid
948 1163 1027 1203 nunc

83 1243 181 1316 ipsum
194 1240 272 1298 unde
287 1258 318 1298 se
332 1239 488 1314 recipienti,
500 1239 689 1316 quid'agenti,
699 1241 769 1318 quid
782 1243 902 1300 acturo?
917 1234 1026 1318 quanto

84 1348 183 1397 autem
204 1336 329 1396 ferocius
350 1337 396 1395 ille
419 1355 523 1395 causae
545 1355 615 1396 suae
637 1338 772 1409 confidet,
791 1357 858 1398 cum
878 1357 939 1409 vos,
959 1358 1027 1397 cum

84 1435 171 1494 vestri
186 1435 293 1493 similes
308 1452 368 1492 non
382 1434 473 1493 modo
487 1434 661 1511 frequentes,
676 1437 729 1495 sed
745 1436 820 1495 laeto
834 1436 912 1495 voltu
930 1447 1027 1513 gratu·
1101 1420 1105 1430 ¹

85 1536 178 1594 lantes
191 1532 312 1590 viderit?
347 1532 446 1591 ‘Num
459 1533 544 1609 igitur
558 1552 714 1610 peccamus
724 1535 748 1593 i'
763 1535 883 1593 minime
896 1551 949 1593 vos
963 1536 1027 1610 qui·

86 1630 173 1701 dem;
198 1629 250 1688 sed
270 1639 368 1688 tamen
389 1631 473 1705 signa
493 1632 707 1703 conturbantur,
729 1631 833 1708 quibus
856 1630 988 1690 voluntas
1010 1650 1028 1689 a

86 1726 267 1785 simulatione
282 1727 417 1802 distingui
431 1736 539 1804 posset.
581 1726 666 1799 Quae
680 1746 748 1787 vero
763 1739 880 1788 senatus
894 1729 1028 1788 consulta

85 1825 191 1883 video?
212 1825 264 1884 sed
282 1827 415 1900 apertius,
431 1844 519 1902 quam
534 1844 753 1904 proposueram.
797 1845 823 1902 3.
843 1827 910 1902 Ego
924 1826 1027 1902 Arpini

85 1921 153 1980 volo
167 1940 231 1980 esse
245 1923 337 1998 pridie
352 1922 427 1994 Kal,
440 1923 545 1981 deinde
559 1906 667 1980 circum
677 1923 786 1982 villulas
800 1932 912 1982 nostras
923 1941 1027 1995 errare,

86 2037 159 2096 quas
173 2019 299 2077 visurum
313 2037 361 2078 me
375 2028 478 2096 postea
491 2019 649 2096 desperavi.
691 2022 788 2094 Εὑγενῆ
802 2032 852 2079 tua
866 2020 985 2079 consilia
999 2030 1029 2080 et

85 2128 184 2176 tamen
198 2135 252 2192 pro
269 2118 449 2192 temporibus
468 2134 529 2174 non
548 2116 663 2175 incauta
680 2116 751 2175 mihi
765 2116 847 2176 valde
860 2119 1026 2193 probantur.

86 2213 200 2290 Lepido
221 2213 449 2288 quidem-nam
470 2213 530 2272 lere
551 2214 785 2289 συνδιημερεύομεν,
800 2214 881 2290 quod
900 2215 1028 2291 gratissi-

85 2330 167 2369 mum
194 2310 233 2368 illi
260 2320 506 2386 est—numquam
533 2309 640 2387 placuit
662 2327 700 2369 ex
722 2310 805 2368 Italia
829 2312 916 2384 exire,
940 2311 1028 2371 Tullo

85 2407 177 2465 multo
196 2407 308 2477 minus;
330 2409 432 2466 crebro
453 2407 531 2466 enim
552 2406 625 2464 illius
646 2406 755 2465 litterae
776 2409 813 2467 ab
833 2407 895 2467 aliis
916 2409 953 2467 ad
972 2427 1028 2468 nos

87 2514 261 2563 commeant.
304 2503 362 2562 Sed
394 2522 443 2563 me
475 2504 590 2562 illorum
618 2505 778 2563 sententiae
805 2506 902 2564 minus
929 2524 1028 2565 move·

87 2604 173 2672 bant;
201 2603 298 2660 minus
322 2601 412 2660 multa
436 2601 576 2660 dederant
599 2601 638 2659 illi
661 2602 703 2660 rei
727 2602 859 2678 publicae
886 2604 1028 2680 pignora:

87 2712 137 2758 tua
163 2718 211 2758 me
240 2699 356 2758 hercule
383 2701 538 2759 auctoritas
572 2699 758 2758 vehementer
790 2711 887 2760 movet
894 2720 903 2774 ;
937 2703 1030 2761 adfert

87 2798 165 2855 enirn
189 2805 219 2855 et
243 2797 343 2874 reliqui
363 2798 501 2874 temporis
522 2797 711 2873 recuperandi
731 2799 873 2858 rationem
895 2808 924 2858 et
944 2818 1027 2877 prae-

87 2896 177 2953 sentis
198 2894 305 2953 tuendi.
348 2894 414 2967 Sed,
429 2895 552 2954 obsecro
570 2905 608 2967 te,
622 2895 693 2971 quid
713 2894 770 2954 hoc
788 2896 920 2956 miserius
941 2916 1029 2974 quarn

86 2992 207 3050 alterurn
234 2993 352 3069 plausus
378 2993 409 3051 in
435 2992 604 3051 foedissima
627 3011 716 3052 causa
739 3011 886 3070 quaerere,
908 2994 1029 3053 alterurn

86 3090 265 3148 offensiones
282 3092 311 3148 in
330 3091 461 3166 optima?
482 3091 602 3149 alterum
621 3091 778 3148 existimari
797 3102 1029 3151 conservatorem

86 3188 279 3258 inimicorum,
294 3187 414 3246 alterum
429 3189 606 3247 desertorem
620 3189 800 3246 amicorum?
821 3199 850 3247 et
868 3188 1031 3248 mehercule

87 3286 219 3360 quamvis
248 3303 379 3344 amemus
407 3284 542 3344 Gnaeum
569 3296 709 3357 nostrum,
737 3294 768 3343 ut
795 3296 824 3345 et
852 3286 972 3346 iacimus
1002 3299 1031 3348 et

87 3381 236 3455 debemus,
261 3392 359 3442 tamen
385 3380 452 3458 hoc,
476 3381 557 3464 quod
582 3382 686 3444 talibus
713 3382 779 3442 viris
806 3400 867 3443 uon
891 3385 1031 3460 subvenit,
