2348 3788
96 221 159 287 226
346 236 384 284 M.
411 236 532 284 rursu
553 237 740 286 crornorrrs
927 225 994 310 [Pars
1009 243 1038 292 ν.

95 412 195 464 meae;
217 393 288 451 nihil
312 395 389 452 enim
412 411 552 468 umquam
578 412 638 452 non
662 395 753 452 modo
778 395 915 453 acerbum
937 396 968 452 in
992 415 1038 452 me

94 492 154 562 fuit,
177 493 229 550 sed
253 509 290 549 ne
317 492 405 566 paulo
434 493 551 566 quidem
579 493 685 550 tristius
714 501 762 550 aut
790 494 925 563 severius,
950 512 1038 568 quam

95 591 252 647 necessitas
278 589 319 646 rei
350 589 481 663 publicae
512 591 674 664 postulavit.
727 590 849 647 Accedit
877 600 910 648 ut
942 609 981 649 ne
1009 593 1037 648 in

95 687 191 761 ipsum
212 685 329 761 quidem
345 679 481 744 Clodium
502 705 600 744 meum
621 688 735 762 insigne
749 687 849 744 odium
869 686 954 745 fuerit
975 707 1038 745 um-

95 803 191 859 quam,
206 802 377 860 semperque
398 785 438 841 ita
459 785 552 855 statui,
573 802 633 842 non
652 791 715 843 esse
735 785 922 843 insectandos
944 787 1037 842 inimi-

95 898 195 938 corum
217 882 343 953 amicos,
358 882 526 957 praesertim
550 880 726 953 humiliores,
748 901 803 940 nec
824 883 869 940 his
889 884 1037 958 praesidiis

94 988 211 1036 nosmet
231 979 311 1054 ipsos
326 997 390 1037 esse
405 978 583 1054 spoliandos.
627 997 655 1050 4.
676 977 755 1036 Nam
769 979 805 1036 de
824 996 917 1054 puero
932 980 1037 1038 Clodio

95 1086 158 1134 tuas
177 1086 274 1150 partes
288 1095 352 1135 esse
367 1078 496 1148 arbitror,
510 1087 542 1134 ut
563 1077 624 1135 eius
645 1077 774 1135 animum
795 1087 936 1148 tenerum,
951 1097 1037 1154 quem

95 1174 133 1232 ad
157 1175 278 1232 modum
303 1176 411 1245 scribis,
434 1176 469 1233 iis
494 1175 682 1250 opinionibus
707 1176 829 1247 imbuas,
850 1186 883 1234 ut
908 1195 944 1234 ne
967 1195 1037 1252 quas

95 1273 258 1332 inimicitias
272 1274 396 1332 residere
410 1275 441 1330 in
452 1274 565 1332 familiis
579 1274 686 1331 nostris
697 1273 855 1332 arbitretur.
891 1272 1038 1332 Contendi

97 1390 165 1430 cum
192 1371 224 1430 P.
247 1371 360 1442 Clodio,
389 1389 456 1428 cum
477 1389 535 1446 ego
562 1371 709 1445 publicam
731 1389 857 1440 causam,
879 1371 927 1429 ille
956 1390 1037 1429 suam

97 1469 280 1527 defenderet:
302 1479 416 1527 nostras
428 1469 657 1526 concertationes
671 1487 717 1526 res
731 1469 847 1543 publica
858 1469 1037 1541 diiudicavit;

97 1567 121 1623 si
135 1567 246 1636 viveret,
263 1566 332 1622 mihi
347 1584 414 1622 eum
433 1566 481 1622 illo
501 1565 579 1622 nulla
593 1566 742 1623 contentio
757 1565 815 1622 iam
829 1577 969 1624 maneret.
1013 1582 1037 1642 5.

97 1663 218 1735 Quare,
233 1664 373 1739 quoniam
387 1663 442 1721 hoc
457 1682 474 1721 a
487 1681 536 1721 me
551 1664 591 1720 sic
606 1664 688 1738 petis,
703 1674 743 1734 ut,
758 1682 832 1739 quae
846 1674 896 1722 tua
910 1675 1037 1740 potestas

97 1771 149 1833 est,
163 1780 199 1820 ea
218 1780 308 1838 neges
329 1772 358 1820 te
378 1780 426 1820 me
448 1762 535 1819 invito
557 1779 684 1832 usurum,
700 1780 790 1837 puero
812 1781 931 1839 quoque
951 1763 1038 1824 hoca

96 1879 144 1919 me
166 1861 256 1932 darbia,
272 1862 295 1920 si
315 1861 368 1920 tibi
388 1862 537 1931 videbitur,
552 1879 613 1918 non
635 1879 692 1936 quo
713 1871 762 1918 aut
782 1871 861 1918 aetas
882 1873 984 1945 nostra
1003 1865 1037 1921 ab

97 1960 172 2018 illius
186 1968 278 2018 aetate
292 1960 448 2036 quicquam
462 1960 565 2017 debeat
585 1958 703 2034 periculi
724 1959 863 2033 suspicari
882 1970 932 2018 aut
946 1961 1037 2035 digni-

98 2069 142 2116 tas
164 2077 230 2116 mea
252 2057 341 2116 ullam
363 2057 579 2116 contentionem
600 2056 776 2122 extimescat,
798 2056 850 2114 sed
870 2067 903 2114 ut
924 2070 1037 2135 nosmet

98 2155 153 2230 ipsi
174 2157 247 2214 inter
266 2174 322 2214 nos
343 2155 555 2214 coniunctiOres
577 2154 674 2222 simus
689 2171 777 2229 quam
798 2153 893 2212 adhuc
915 2154 1036 2227 fuimus3
1075 2195 1077 2201 -

99 2254 345 2329 interpellantibus
370 2255 447 2311 enim
475 2253 520 2311 his
548 2252 701 2309 inimicitiis
723 2253 836 2309 animus
857 2262 924 2310 tuus
945 2256 1037 2330 magis

98 2352 190 2427 patuit
205 2370 293 2428 quam
307 2353 421 2410 domus
447 2349 505 2409 Sed
518 2349 590 2408 baec
599 2349 747 2407 hactenus.
771 2350 846 2407 lllud
855 2361 1036 2409 extremum:

99 2466 165 2524 ego,
187 2468 262 2524 quae
283 2459 311 2507 te
333 2449 405 2506 velle
426 2466 559 2524 quaeque
583 2447 621 2506 ad
644 2458 673 2506 te
700 2449 842 2524 pertinere
871 2449 1036 2518 arbitrabor,

99 2564 214 2622 semper
232 2547 295 2604 sine
314 2546 373 2604 ulla
391 2546 570 2603 dubitatione
591 2563 708 2604 summo
727 2546 822 2604 studio
837 2545 942 2604 faciam
952 2565 961 2618 3
984 2546 1037 2604 hoc

98 2643 183 2702 veliin
195 2644 245 2702 tibi
261 2645 375 2720 penitus
389 2644 573 2720 persuadeas.

280 2802 346 2858 111.
390 2797 447 2858 AD
468 2797 719 2856 sabinianus
741 2798 793 2857 ur.
817 2816 862 2870 14.

179 2911 245 2973 Son.
267 2931 297 2971 nr
318 2913 488 2973 Pomnrano
508 2932 545 2972 ιν.
568 2912 645 2972 Nou.
667 2911 765 2971 Mans
785 2931 868 2971 nuc.
892 2924 960 2986 710.

281 3038 383 3080 cronno
404 3024 597 3079 norissima
619 3035 739 3078 consum
759 3037 812 3078 suo
832 3037 854 3078 s.
877 3075 878 3078 ,

142 3155 167 3196 1.
188 3135 261 3194 Ersr
285 3142 436 3193 contentus
457 3153 544 3204 eram,
569 3135 610 3191 mi
631 3133 790 3204 Dolabella,
811 3143 860 3190 tua
880 3134 973 3209 gloria
995 3154 1039 3193 sa·

100 3238 193 3311 risque
213 3253 249 3293 ex
268 3252 303 3292 ea
320 3216 458 3308 magnam
475 3232 610 3291 laetitiam
624 3231 857 3308 voluptatemque
878 3234 1038 3307 capiebam,

32 3366 35 3372 ·
100 3345 197 3391 tamen
218 3350 280 3390 non
300 3349 421 3407 possum
444 3348 504 3387 non
529 3329 658 3388 confiteri
671 3329 821 3388 >cumulari
842 3347 890 3387 me
910 3332 1039 3389 maximo

98 3429 217 3506 gaudio,
231 3429 312 3505 quod
326 3427 412 3490 voltro
426 3427 576 3486 hominum
593 3427 690 3486 0ῆὶυῦ
708 3426 818 3478 socium
834 3444 882 3484 me
897 3426 1039 3485 adscribat
