2348 3788
168 217 229 285 150
433 213 472 266 rr.
497 212 619 260 rurrrr
639 213 826 262 cronnonrs
891 213 893 218 ·
976 198 1045 284 [aaa
1060 215 1103 264 111.

166 370 266 428 Idibus
294 387 312 427 a
338 386 386 426 me
414 367 562 443 proiectus
589 377 649 426 est:
680 386 717 426 eo
745 368 836 452 serius
862 367 900 427 ad
924 377 1004 426 tuam
1029 368 1104 427 illam

166 467 326 544 epistolam,
356 465 401 522 cui
429 482 486 538 ego
515 464 610 522 statim
645 464 855 539 rescripseram,
882 466 1011 524 redditae
1040 476 1105 524 sunt

165 582 247 622 meae
262 563 379 620 litterae.
421 560 467 618 De
486 561 626 626 Domitio,
641 571 673 618 ut
694 562 802 632 scribis,
817 563 857 619 ita
870 563 975 638 opinor
989 581 1061 633 esse,
1076 572 1106 619 nt

166 671 194 718 et
215 661 245 716 in
266 658 384 718 Cosano
406 659 442 716 sit
463 667 492 717 et
512 659 665 716 consilium
686 659 747 716 eius
768 659 930 734 ignoretur,
966 659 1026 719 Iste
1041 678 1105 718 orn-

166 760 246 815 nium
260 757 440 832 turpissimus
460 767 488 815 et
506 757 728 826 sordidissimus,
743 757 793 832 qui
810 757 971 816 consularia
989 759 1107 816 comitia

165 874 183 912 a
202 864 334 930 praetore
350 855 389 912 ait
411 853 511 912 haberi
536 871 632 929 posse,
646 864 691 912 est
711 854 797 923 idem,
813 854 863 930 qui
887 873 1003 930 semper
1024 857 1054 912 in
1076 873 1106 912 re

166 941 281 1025 publica
296 947 356 1006 fuit.
400 947 503 1023 Itaque
523 947 659 1004 nimirum
678 947 735 1006 hoc
754 947 822 1006 illud
837 957 888 1020 est,
904 950 984 1024 quod
998 946 1106 1007 Caesar

166 1046 263 1104 scribit
277 1046 306 1102 in
317 1063 352 1102 ea
367 1045 496 1121 epistola,
513 1044 595 1103 cuius
614 1045 780 1119 exemplum
800 1044 839 1103 ad
856 1055 884 1103 te
899 1047 972 1117 misi,
988 1064 1019 1105 se
1034 1046 1106 1104 velle

165 1144 206 1202 uti
233 1143 386 1201 ‘consilio'
422 1160 509 1214 meo;
544 1159 606 1217 age,
642 1151 722 1201 esto:
756 1141 814 1200 hoe
847 1131 1004 1202 commune
1040 1153 1084 1202 est
1096 1161 1105 1215 ;

167 1240 277 1316 ‘gratia
285 1239 313 1311 3’
334 1240 466 1314 ineptum
489 1238 519 1296 id
540 1238 666 1314 quidem,
681 1237 741 1310 sed,
755 1248 835 1315 puto,
851 1240 909 1298 hoc
931 1241 1047 1300 simulat
1068 1241 1104 1299 ad

166 1338 307 1413 quasdam
317 1347 482 1399 senatorum
497 1337 652 1395 sententias
660 1355 668 1408 ;
691 1328 849 1412 ‘dignitate
860 1336 880 1410 3'
901 1336 1023 1396 fortasse
1039 1357 1105 1396 sen-

166 1435 255 1492 tentia
273 1434 426 1496 consulari.
469 1432 544 1491 illud
562 1443 723 1493 extremum
744 1444 796 1506 est,
812 1440 886 1510 ‘ope
907 1436 1040 1493 omnium
1061 1454 1105 1493 re-

167 1528 260 1601 rum;’
281 1530 312 1588 id
331 1547 387 1605 ego
407 1529 546 1604 suspicari
561 1530 645 1606 coepi
660 1539 721 1588 tum
740 1549 777 1589 ex
797 1532 852 1590 tuis
872 1532 970 1590 litteris
985 1542 1035 1590 aut
1048 1532 1106 1590 hoe

166 1630 262 1702 ipsum
290 1645 354 1686 esse
380 1636 429 1686 aut
453 1644 515 1687 non
535 1627 626 1685 multo
651 1646 751 1688 secus:
779 1648 848 1686 nam
873 1622 1024 1706 permagni
1045 1629 1106 1687 eius

167 1727 284 1784 interest
298 1742 359 1781 rem
375 1723 413 1781 ad
426 1724 624 1798 interregnum
634 1743 698 1783 non
712 1727 826 1798 venire;
848 1727 878 1785 id
892 1727 1067 1802 adsequitur,
1083 1726 1107 1782 si

166 1841 219 1898 per
242 1831 408 1898 praetorem
430 1820 564 1879 consules
588 1831 729 1881 creant-nr.
771 1824 835 1882 Nos
856 1834 953 1882 autem
975 1823 1106 1881 inlibris

80 1911 81 1914 ¹
167 1921 309 1978 habemus
324 1937 386 1984 non
400 1918 490 1977 modo
504 1918 638 1979 consules
652 1938 669 1978 a
682 1929 823 1996 praetore,
838 1922 890 1980 sed
904 1939 941 1979 ne
959 1930 1108 1996 praetores

168 2018 286 2094 quidem
315 2017 404 2077 creari
432 2017 476 2074 ius
499 2034 572 2087 esse,
596 2017 684 2092 idque
711 2019 819 2078 factum
841 2037 905 2078 esse
930 2036 1107 2094 numquam3

168 2114 301 2182 consules
318 2132 355 2173 eo
370 2132 432 2172 non
446 2132 510 2172 esse
524 2115 578 2186 ius,
597 2117 677 2192 quod
690 2117 783 2175 maius
797 2117 950 2192 imperium
964 2134 982 2173 a
995 2116 1109 2173 minore

168 2213 262 2288 rogari
278 2230 339 2270 non
359 2213 395 2276 sit
415 2212 468 2282 ius,
483 2225 630 2288 praetores
651 2224 754 2285 autern,
771 2232 838 2271 curn
858 2215 898 2271 ita
915 2222 1062 2288 rogentur,
1076 2221 1110 2270 ut

170 2309 297 2384 collegae
326 2311 494 2368 consulibus
522 2311 586 2377 sint,
611 2330 735 2387 quorum
757 2321 801 2375 est
827 2311 919 2370 maius
944 2312 1106 2385 imperium.

170 2406 270 2464 Aberit
287 2425 349 2464 non
367 2406 456 2482 longe
478 2409 549 2483 quin
569 2410 627 2467 hoc
641 2427 658 2466 a
671 2426 719 2467 me
740 2408 856 2467 decerni
877 2407 943 2467 velit
963 2425 1059 2485 neque
1072 2407 1109 2467 sit

170 2513 323 2562 contentus
338 2503 441 2574 Galba,
458 2503 603 2576 Scaevola,
619 2504 730 2577 Cassio,
745 2505 892 2564 Antonio:

425 2614 484 2664 τότε
500 2633 539 2676 μοι
556 2617 627 2678 χάνοι
644 2617 721 2680 εὐρεῖα
737 2617 818 2680 χθώνΙ

170 2713 222 2772 sed
243 2721 352 2791 quanta
371 2722 528 2790 tempestas
552 2715 727 2790 impendeat,
747 2715 837 2773 vides.
879 2733 906 2786 4.
927 2712 986 2786 Qui
1006 2713 1110 2773 transi-

169 2812 242 2870 erint
263 2821 418 2882 senatores,
434 2812 558 2870 scribam
572 2811 610 2868 ad
624 2821 660 2883 te,
675 2830 742 2870 eum
763 2822 872 2870 certum
891 2812 1016 2885 habebor.
1061 2812 1110 2870 De

126 2893 128 2897 ¹
169 2928 200 2966 re
213 2909 398 2966 frumentaria
412 2919 489 2967 recte
507 2909 656 2984 intellegis,
671 2927 746 2984 quae
766 2910 845 2968 nullo
861 2911 952 2968 modo
972 2909 1112 2978 adminis'

169 3006 236 3063 trari
257 3007 319 3063 sine
338 3006 524 3081 vectigalibus
545 3014 650 3081 potest,
665 3024 720 3064 nec
742 3007 804 3064 sine
825 3025 912 3065 causa
932 3016 960 3064 et
982 3024 1042 3076 eos,
1057 3007 1111 3081 qui

170 3104 278 3167 circum
292 3103 372 3160 illum
387 3113 464 3174 sunt,
479 3105 578 3160 omnia
596 3103 775 3178 postulantes
792 3114 821 3162 et
838 3104 947 3162 bellum
965 3104 1109 3161 nefarium

169 3202 261 3260 times.
304 3200 475 3260 Trebatium
502 3212 642 3272 nostrum,
664 3202 726 3272 etsi,
748 3211 780 3259 ut
802 3203 910 3273 scribis,
935 3201 1004 3258 nihil
1032 3202 1108 3258 bene

171 3309 275 3376 sperat,
299 3309 397 3358 tamen
420 3300 516 3358 videre
542 3317 612 3357 sane
634 3299 737 3370 velim;
759 3316 846 3375 quern
868 3298 913 3356 fac
934 3299 1054 3356 horteris
1076 3308 1108 3382 ut

170 3407 308 3474 properet
312 3417 320 3471 ;
342 3407 505 3475 opportune
519 3397 597 3456 enim
611 3396 648 3454 ad
663 3415 710 3453 me
725 3407 791 3454 ante
806 3395 960 3453 adventum
971 3394 1107 3455 Caesaris
