2348 3788
97 207 139 270 24
326 254 328 258 ,
365 201 403 251 rr.
430 203 548 252 rurrrr
569 203 758 251 croanonrs
932 189 1034 273 [rarsi.

95 379 157 419 rem
177 360 323 437 publicam
344 361 473 437 perdere,
494 379 582 437 quam
604 362 742 421 similibus
761 360 824 420 eiu's
845 378 894 418 me
916 361 1034 419 consule

80 460 221 535 'patriciis
249 469 325 517 esset
353 460 466 518 licitum.
510 461 582 529 Iam,
611 478 678 518 curn
707 477 738 517 se
764 459 811 516 ille
838 459 964 534 septimo
990 459 1034 517 die

95 557 206 615 venisse
234 576 252 616 a
279 557 352 616 freto
376 575 471 632 neque
496 558 549 614 sibi
574 558 690 615 obviam
712 574 890 632 quemquam
919 556 1034 632 prodire

95 655 224 730 potuisse
239 664 267 712 et
280 665 369 712 noctu
384 674 414 712 se
435 656 566 713 introisse
584 655 702 712 dixisset
716 655 745 712 in
764 673 859 730 eoque
874 673 905 712 se
919 656 950 713 in
965 673 1034 714 con-

95 751 175 809 tione
199 751 338 821 iactasset,
365 751 435 809 nihil
463 753 489 809 ei
517 753 584 808 novi
612 752 671 809 dixi
698 752 846 822 accidisse,
874 770 911 809 ex
941 752 1035 810 Sicilia

96 845 218 920 septimo
244 845 289 902 die
312 844 455 902 Romam:
485 845 574 903 tribus
598 844 677 902 horis
701 843 799 902 Roma
819 844 1033 916 Interamnam

95 953 184 1001 noctu
205 943 354 1002 introisse:
377 943 446 1001 item
468 953 551 1014 ante3
577 961 638 1000 non
659 960 724 1000 esse
744 943 815 1000 itum
836 944 969 1000 obviam:
999 963 1035 1002 ne

50 1057 62 1074 ·=
83 1028 157 1097 'tum
181 1034 306 1117 quidem,
327 1059 394 1099 curn
415 1040 448 1097 iri
469 1041 594 1098 maxime
619 1040 756 1097 debuerit
800 1039 879 1111 Quid
900 1043 1035 1116 quaeris?

95 1137 244 1196 hominem
265 1139 442 1216 petulantem
469 1138 634 1195 modestum
661 1137 751 1195 reddo
772 1155 833 1196 non
854 1137 951 1196 solum
971 1158 1035 1216 per-

95 1246 182 1310 petua
196 1232 332 1310 gratitate
347 1235 494 1305 orationis,
515 1234 566 1292 sed
580 1235 666 1292 etiam
684 1234 741 1293 hoc
752 1253 858 1310 genere
872 1236 1033 1311 dictorum;

95 1335 190 1409 itaque
211 1335 269 1391 iam
289 1334 462 1391 familiariter
483 1350 549 1390 cum
570 1333 635 1407 ipso
656 1333 772 1391 cavillor
792 1352 827 1391 ac
841 1333 943 1408 iocor;
965 1337 1035 1412 quin

95 1433 189 1501 etiam,
205 1449 272 1488 cum
287 1430 471 1488 candidatum
483 1430 699 1497 deduceremus,
711 1433 822 1506 quaerit
836 1450 873 1489 ex
884 1450 942 1503 me,
965 1443 1034 1491 nuru

96 1546 283 1585 consuessem
305 1527 407 1584 Siculis
428 1527 524 1585 locum
548 1529 753 1603 gladiatoribus
781 1529 869 1587 dare?
911 1530 1033 1607 Negavi.

68 1641 69 1646 ¹
96 1626 152 1682 ‘At
173 1624 241 1700 ego'
263 1625 355 1701 inquit
377 1630 487 1683 ‘novus
515 1637 653 1700 patronus
678 1620 839 1700 instituam
864 1629 922 1686 sed
944 1647 1033 1698 soror,

95 1737 169 1795 quae
190 1727 302 1776 tantum
329 1719 415 1776 habet
443 1719 601 1776 consularis
628 1719 692 1788 loci,
712 1738 812 1778 ,unum
840 1721 910 1778 mibi
940 1723 1034 1781 solum

95 1813 201 1889 pedem
216 1809 281 1870 dat?
325 1812 427 1869 ‘Noli’
444 1814 563 1888 inquam
578 1813 633 1870 ‘de
646 1831 706 1872 uno
723 1814 798 1889 pede
812 1816 920 1873 sororis
935 1818 1016 1891 queri
1024 1837 1032 1888 ;

94 1911 160 1969 licet
173 1910 260 1968 etiarn
275 1910 394 1967 alterum
408 1908 510 1970 tollas'
547 1909 635 1968 ‘Non
650 1909 816 1969 consulare’
831 1913 945 1988 inquies
962 1915 1033 1972 ‘die-

94 2020 156 2067 tum
166 2008 186 2066 :'
201 2008 292 2066 fateor
300 2027 307 2079 ;
324 2009 376 2066 sed
387 2026 443 2084 ego
454 2008 531 2065 illam
545 2008 595 2066 odi
609 2008 688 2066 male
698 2009 897 2069 consularem:
915 2008 976 2091 [ea]
992 2024 1033 2071 est

95 2107 173 2166 enim
193 2105 337 2176 seditiosa,
361 2102 420 2185 [ea]
444 2124 511 2164 cum
524 2106 585 2164 viro
606 2107 712 2164 bellum
733 2108 814 2182 gerit,
828 2125 924 2183 neque
939 2111 1033 2168 solum

96 2221 162 2259 cum
174 2200 300 2270 Metell0,
312 2200 363 2258 sed
374 2201 459 2258 etiam
470 2218 536 2257 curn
548 2200 647 2270 Fabio,
659 2201 739 2276 quod
753 2219 805 2258 eos
820 2203 840 2271 †
854 2202 885 2258 in
899 2202 956 2260 hoc
971 2223 1033 2262 esse

95 2299 215 2356 moleste
236 2298 298 2356 fert.
342 2301 368 2356 6.
383 2298 472 2369 Quod
487 2298 523 2356 de
542 2299 652 2374 agraria
670 2299 734 2373 lege
749 2299 871 2374 quaeris,
891 2317 962 2359 sane
976 2303 1034 2360 iam

95 2393 205 2450 videtur
219 2391 369 2449 refrixisse.
402 2390 492 2462 Quod
508 2409 555 2448 me
570 2392 699 2466 quodam
716 2393 806 2450 modo
820 2393 900 2450 molli
914 2395 1034 2454 brachio

96 2491 132 2547 de
147 2489 277 2565 Pompeii
292 2487 480 2545 familiaritate
494 2489 638 2563 obiurgas,
653 2489 743 2547 nolim
762 2491 802 2547 ita
816 2492 972 2564 existimes,
987 2513 1034 2551 me

95 2587 153 2644 mei
164 2586 298 2662 praesidii
312 2604 399 2644 causa
413 2604 480 2643 cum
495 2585 543 2643 illo
563 2587 749 2645 coniunctum
768 2606 840 2658 esse,
862 2589 913 2647 sed
928 2591 969 2649 ita
989 2611 1034 2650 res

96 2694 156 2742 erat
176 2684 312 2755 instituta,
326 2693 367 2753 ut,
383 2685 407 2741 si
422 2685 495 2741 inter
510 2700 565 2741 nos
587 2694 662 2741 esset
677 2685 772 2760 aliqua
786 2685 860 2743 forte
882 2687 1035 2761 dissensi0,

95 2783 238 2838 maximas
259 2782 289 2838 in
310 2799 340 2839 re
361 2780 477 2857 publica
498 2780 656 2838 discordias
676 2783 781 2839 versari
798 2793 875 2842 esset
895 2803 1033 2846 neeesse:

96 2879 176 2954 quod
190 2897 208 2935 a
221 2897 268 2935 me
278 2879 317 2936 ita
331 2887 519 2954 praecautum
535 2888 620 2953 atque
635 2879 674 2936 ita
687 2880 836 2954 provisum
857 2891 908 2952 est,
924 2901 986 2941 non
1005 2897 1035 2944 ut

97 2994 153 3051 ego
165 2975 201 3033 de
212 2977 323 3051 optima
334 2977 380 3033 illa
390 2995 456 3034 mea
470 2977 581 3033 ratione
593 2976 772 3047 decederem,
785 2978 837 3035 sed
851 2988 882 3036 ut
896 2979 943 3037 ille
957 2995 1035 3040 esset

95 3073 199 3132 melior
212 3083 240 3131 et
253 3073 359 3149 aliquid
374 3074 410 3131 de
424 3073 556 3149 populari
570 3074 682 3132 levitate
696 3074 873 3150 deponeret;
895 3095 984 3152 quern
999 3081 1035 3139 de

95 3172 167 3231 meis
195 3171 289 3241 rebus,
317 3171 348 3228 in
375 3188 447 3247 quas
473 3189 541 3228 eum
568 3171 650 3229 multi
671 3172 828 3242 incitarant,
849 3174 941 3232 multo
961 3177 1035 3236 scito

12 3328 15 3333 ,
95 3269 248 3343 gloriosius
260 3287 347 3344 quam
359 3269 395 3326 de
410 3269 469 3328 suis
483 3269 646 3343 praedicare
651 3287 659 3340 ;
682 3269 736 3326 sibi
748 3271 824 3326 enim
839 3271 913 3329 bene
924 3284 1034 3349 gestae,

95 3366 164 3424 mihi
199 3376 384 3426 conservatae
413 3366 454 3425 rei
481 3364 613 3444 publicae
638 3368 687 3425 dat
715 3367 921 3430 testimonium.
964 3370 1034 3433 Hoc
