2348 3788
63 234 107 297 cp.
126 220 197 304 na]
278 233 395 283 aaran.
416 232 466 281 Ab
486 232 653 283 Arrrcuru
672 231 746 282 avr.
769 238 798 302 7.
942 237 1005 304 239

62 379 229 456 prudenter,
250 389 348 440 tamen
371 383 511 453 ἀνεμέσητα
533 391 607 454 sunt,
629 382 756 459 primum
778 380 857 458 quod
880 379 916 439 de
939 400 1005 440 mea

61 480 209 537 sententia
232 489 297 538 acta
325 490 400 551 sunt,
429 481 533 540 deinde
561 482 648 539 etiam
677 482 700 539 si
727 491 755 540 te
783 490 908 550 auctore,
934 481 1004 555 quid

62 576 149 634 debet
164 577 213 651 qui
228 577 381 636 consilium
396 578 445 636 dat
459 589 604 654 praestare
617 590 730 654 praeter
744 579 849 637 fidem?
887 597 913 651 3.
928 578 1004 636 Illud

61 674 196 730 admirari
210 676 279 732 satis
294 692 354 732 non
369 677 457 751 potui,
473 677 553 752 quod
572 677 710 752 scripsisti
721 676 771 739 vhis
785 676 895 733 verbis:
912 675 1003 732 ‘bene

60 772 147 846 igitur
161 782 200 840 tu,
215 772 265 848 qui
278 775 438 844 εὐθανασίαν,
453 774 527 832 bene
547 774 675 850 relinque
695 773 837 850 patriam’
878 773 927 830 An
946 790 1003 847 ego

61 869 259 944 relinquebam
278 880 327 927 aut
347 870 398 928 tibi
418 880 480 928 tum
500 872 661 946 relinquere
682 871 818 930 videbar?
838 880 870 928 tu
890 870 921 929 id
942 888 1004 928 non

61 966 153 1023 modo
176 984 237 1025 non
261 967 444 1042 prohibebas,
464 986 563 1026 verum
587 969 674 1026 etiam
695 967 886 1042 adprobabas.
930 967 1004 1026 Gra·

60 1065 149 1135 viora,
165 1082 239 1140 quae
258 1074 384 1123 restant:
400 1066 501 1123 ‘velim
522 1071 632 1139 σχολιον
646 1065 765 1142 aliquod
779 1065 879 1124 elimes
893 1065 1002 1136 adme,

61 1162 224 1237 oportuisse
238 1171 266 1219 te
285 1163 360 1220 istuc
379 1162 491 1222 facere!
533 1163 626 1234 Itane,
641 1163 682 1220 mi
696 1163 811 1235 Attice?
833 1162 1003 1222 defensione

61 1271 129 1332 eget
142 1277 240 1316 meum
255 1259 372 1330 lactum,
387 1262 556 1336 praesertim
571 1261 649 1337 apud
668 1271 704 1330 te,
720 1261 769 1336 qui
789 1260 819 1318 id
838 1259 1003 1317 mirabiliter

61 1357 248 1432 adprobasti?
290 1358 357 1434 Ego
376 1377 445 1417 vero
464 1360 551 1417 istum
572 1361 749 1432 ἀπολογισμὸν
770 1360 934 1429 συντάξομαι,
951 1358 1003 1416 sed

62 1455 101 1512 ad
123 1473 223 1512 eorum
244 1456 377 1531 aliquem,
393 1456 498 1532 quibus
519 1457 613 1514 invitis
634 1466 662 1514 et
684 1455 914 1514 dissuadentibus
936 1472 1002 1530 pro-

62 1552 154 1611 fectus
175 1571 254 1610 sum:
280 1554 334 1611 etsi
354 1553 424 1629 quid
444 1554 503 1612 iam
523 1571 598 1629 opus
619 1563 663 1612 est
678 1553 806 1629 ’σχολίῳί
827 1554 851 1610 si
872 1571 1002 1628 perseve-

62 1668 181 1720 rassem,
203 1668 278 1726 opus
306 1650 413 1709 fuisset.
457 1651 508 1709 ‘At
532 1650 589 1709 hoc
612 1651 709 1728 ipsum
734 1667 795 1708 non
819 1649 1002 1708 constanter!

63 1746 162 1805 Nemo
190 1749 292 1807 doctus
319 1751 590 1826 umquam—multa
618 1759 715 1808 autem
743 1749 780 1807 de
806 1748 864 1807 hoc
895 1767 1003 1825 genere

63 1846 170 1921 scripta
201 1850 499 1907 sunt-mutationem
531 1848 644 1906 consilii
679 1847 902 1905 inconstantiam
932 1847 1003 1905 dixit

63 1961 136 2003 esse.
186 1965 213 2016 4.
241 1945 387 2020 Deinceps
415 1947 501 2021 igitur
528 1945 619 2003 haec:
649 1950 735 2002 ‘nam
763 1944 787 2002 si
819 1962 837 2001 a
870 1943 1002 2002 Phaedro

64 2052 165 2099 nostro
179 2056 264 2113 esset,
279 2044 413 2119 expedita
427 2045 577 2102 excusatio
590 2053 683 2102 esset:
705 2060 784 2100 nunc
798 2041 868 2117 quid
881 2060 1002 2119 respon-

65 2140 168 2198 demus
179 2141 201 2198 ?’
218 2160 288 2217 ergo
303 2142 333 2200 id
346 2152 407 2201 erat
421 2161 519 2200 meum
535 2142 650 2213 factum,
666 2142 745 2217 quod
760 2139 865 2198 Catoni
880 2140 1003 2217 probare

64 2255 125 2294 non
136 2240 273 2312 possem?
288 2239 387 2315 flagitii
399 2241 505 2298 scilicet
519 2240 638 2315 plenum
652 2249 680 2298 et
694 2238 855 2297 dedecoris.
883 2236 1002 2296 Utinam

65 2353 83 2391 a
103 2335 197 2409 primo
218 2337 257 2394 ita
277 2338 328 2394 tibi
348 2348 425 2396 esset
445 2339 558 2396 visum?
585 2348 617 2394 tu
637 2337 717 2406 mihi,
739 2337 812 2395 sicut
833 2353 896 2394 esse
917 2336 1002 2407 soles,

65 2431 167 2490 luisses
195 2432 277 2492 Cato.
325 2450 351 2508 5.
383 2435 554 2493 Extremum
581 2434 651 2493 illud
678 2434 724 2492 vel
750 2432 1002 2491 molestissimum:

66 2534 152 2586 ‘nam
172 2530 276 2589 Brutus
297 2544 396 2591 noster
416 2532 497 2604 silet,'
511 2532 569 2592 hoc
590 2542 642 2602 est,
664 2550 725 2590 non
747 2531 834 2590 audet
854 2530 1002 2590 hominem

64 2626 94 2684 id
122 2629 221 2686 aetatis
248 2648 377 2688 mouere.
419 2631 506 2689 Aliud
533 2630 603 2689 nihil
631 2631 736 2701 habeo,
760 2628 840 2704 quod
867 2629 902 2688 iis
930 2647 948 2687 a
974 2642 1002 2687 te

64 2726 158 2782 verbis
186 2727 338 2802 significari
365 2739 473 2803 putem,
495 2739 524 2786 et
547 2728 662 2786 hercule
687 2728 726 2785 ita
750 2738 801 2785 est.
843 2725 921 2784 Nam
945 2746 1002 2786 xvr,

64 2822 131 2881 Kal.
155 2823 231 2899 Sept.
255 2844 322 2883 cum
349 2828 493 2884 venissem
517 2824 640 2895 Veliam,
662 2824 768 2883 Brutus
792 2825 898 2883 audivit
905 2844 913 2895 ;
943 2837 1003 2883 erat

64 2922 141 2978 enim
170 2941 235 2979 cum
264 2925 323 2983 suis
350 2927 471 2984 navibus
498 2924 576 3003 apud
610 2922 745 2981 Haletem
777 2922 905 2992 fluvium,
933 2925 1003 2982 citra

64 3016 179 3074 Veliam
205 3020 282 3076 milia
303 3039 441 3097 passuum
461 3040 517 3094 1113
539 3020 664 3098 pedibus
688 3020 726 3078 ad
750 3038 798 3079 me
822 3021 934 3080 statim:
956 3019 1001 3077 dei

64 3115 247 3187 immortales,
267 3136 356 3193 quarn
376 3120 458 3178 valde
479 3119 525 3177 ille
545 3117 638 3176 reditu
658 3117 703 3175 vel
722 3118 819 3193 potius
842 3117 1002 3175 reversione

64 3230 131 3270 mea
151 3213 270 3275 laetatus
290 3217 390 3278 effudit
411 3219 458 3277 iila
478 3218 585 3286 omnia,
600 3235 675 3294 quae
696 3217 839 3274 tacuerat!
856 3225 889 3273 ut
907 3233 1004 3274 recor·

65 3310 147 3368 darer
175 3313 243 3371 illud
271 3326 352 3375 tuum
373 3321 460 3375 ‘narn
489 3315 595 3374 Brutus
622 3325 722 3372 noster
749 3311 831 3371 silet'
873 3311 1003 3370 Maxime

66 3418 162 3466 autem
196 3412 312 3473 dolebat
343 3435 390 3477 me
423 3414 490 3474 Kal
519 3413 597 3474 Sext
626 3413 657 3470 in
683 3421 788 3472 senatu
814 3427 875 3470 uon
907 3409 1004 3472 tuisse.
