2356 3810
100 242 148 306 ap.
162 249 185 303 7,
199 225 239 309 a]
336 235 449 286 rerer.
467 233 517 282 An
539 233 747 282 arriconr.
766 219 816 282 16.
1005 233 1045 302 15

105 397 150 455 sui
178 394 302 454 similem
329 392 360 452 in
386 392 599 468 magistratibus
620 402 732 468 praeter
754 390 870 449 Fufium
891 389 1046 448 neminem.
1067 450 1071 458 ,

105 494 198 552 Bonis
220 493 326 551 utimur
350 490 471 549 tribunis
495 489 543 566 pl.‚
565 488 695 548 Cornuto
722 507 791 548 vero
818 488 1048 546 Pseudocatone.

108 607 135 668 7.
165 591 246 662 Quid
272 589 405 665 quaeris?
433 587 520 647 Nunc
548 596 580 645 ut
603 587 642 645 ad
664 587 774 663 privata
797 586 923 657 redeam,
947 592 1050 658 Τεῦκρις

107 689 253 766 promissa
279 687 406 763 patravit.
448 685 497 744 Tu
523 685 662 742 mandata
689 685 778 756 effice,
805 702 879 760 quae
907 684 1050 759 recepisti.

108 789 147 860 Q.
159 787 254 870 frater,
265 785 315 860 qui
330 783 486 859 Argiletani
500 783 621 841 aedificii
637 781 778 857 reliquum
795 782 967 840 dodrantem
982 783 1051 839 emit

108 885 171 947 HS.
196 901 324 953 occxxv,
348 881 547 940 Tusculanum
575 880 710 950 venditat,
734 889 773 950 ut,
799 881 823 938 si
849 881 949 955 possit,
975 889 1052 938 emat

107 983 285 1043 Pacilianam
300 982 429 1039 domurn.
464 977 540 1036 Cum
555 977 680 1036 Lucceio
695 979 726 1035 in
740 978 862 1053 gratiam
875 977 952 1035 redi:
967 977 1051 1035 video

109 1081 261 1142 hominem
284 1078 367 1136 valde
392 1077 544 1164 petiturire.
586 1076 709 1135 Navabo
734 1094 862 1151 operam.
904 1075 961 1146 Tu,
982 1075 1053 1151 quid

109 1196 189 1253 agas,
213 1177 263 1234 ubi
291 1177 339 1247 sis,
361 1176 442 1233 cuius
470 1175 550 1233 modi
577 1175 648 1232 istae
672 1193 718 1233 res
742 1175 807 1245 sint,
828 1173 874 1233 fac
896 1192 942 1232 me
964 1191 1052 1250 quam

109 1273 329 1354 diligentissime
343 1274 502 1332 certiorem.
544 1271 646 1330 Idibus
660 1272 744 1333 Febr.

97 1385 168 1481 '²32³
196 1404 215 1466 2
240 1397 300 1473 ἐφ’
325 1408 337 1457 1

352 1498 379 1552 8.
422 1493 479 1550 AD
502 1492 694 1551 ATTICUM
713 1492 737 1550 Ι.
763 1494 807 1554 16.

267 1611 334 1672 Son.
358 1611 467 1672 Ronnn
488 1611 593 1670 Mansa
613 1610 697 1671 Miro
718 1629 802 1671 nuc.
825 1613 891 1687 693.

432 1755 534 1795 CICERO
555 1754 661 1795 ATTICO
682 1754 744 1797 SAL.

156 1879 183 1918 r.
205 1857 342 1930 Qunnrus
358 1874 395 1915 ex
414 1874 469 1926 me,
484 1854 554 1931 quid
567 1855 703 1913 acciderit
716 1857 753 1915 de
767 1856 881 1927 iudicio,
896 1857 977 1932 quod
995 1867 1054 1916 tam

113 1967 229 2035 praeter
246 1955 416 2030 opinionem
434 1953 565 2011 omnium
582 1951 690 2010 factum
706 1953 750 2024 sit,
768 1963 797 2011 et
816 1954 900 2012 simul
914 1955 956 2012 vis
973 1956 1054 2025 scire,

113 2071 174 2130 quo
195 2052 286 2110 modo
305 2068 362 2125 ego
381 2051 484 2120 minus,
499 2067 587 2126 quam
604 2049 723 2120 soleam,
737 2050 891 2126 proeliatus
913 2052 983 2109 sim:
1011 2070 1055 2109 re-

114 2150 272 2228 spondebo
286 2149 337 2206 tlbl
350 2136 459 2221 r‘t'orrpov
471 2151 595 2220 πρότερον
607 2148 754 2220 Ὁμηρικῶς.
787 2147 855 2223 Ego
869 2149 955 2218 enim,
967 2167 1055 2224 quam

114 2249 165 2306 diu
180 2256 298 2305 senatus
317 2245 470 2302 auctoritas
492 2243 562 2301 mihi
577 2243 760 2302 defendenda
774 2245 833 2316 luit,
849 2246 890 2303 sic
911 2247 1014 2304 acriter
1028 2259 1057 2306 et

114 2345 302 2404 vehementer
338 2342 495 2417 proeliatus
534 2360 608 2412 sum,
636 2352 668 2400 ut
701 2343 811 2400 clamor
841 2361 1057 2420 concursusque

115 2442 246 2501 maxima
268 2458 335 2498 curn
354 2458 421 2497 mea
441 2439 525 2497 laude
549 2440 668 2499 fierent:
697 2441 822 2517 quodsi
843 2442 895 2499 tibi
918 2460 1058 2518 umquam

115 2557 183 2603 sum
208 2539 286 2595 visus
309 2537 339 2594 in
360 2556 391 2595 re
418 2537 535 2612 publica
558 2537 647 2608 fortiS,
672 2548 749 2596 certe
772 2557 820 2597 me
847 2539 878 2597 in
901 2539 949 2597 illa
970 2558 1059 2598 causa

116 2637 278 2696 admiratus
292 2653 390 2706 esses;
418 2653 485 2693 cum
500 2635 577 2693 enim
591 2635 637 2694 ille
654 2635 691 2693 ad
710 2637 862 2694 contiones
881 2637 1060 2712 confugisset
1081 2695 1084 2701 ,

116 2737 148 2792 in
159 2734 255 2808 iisque
269 2749 337 2790 meo
352 2733 470 2790 nomine
485 2732 522 2790 ad
533 2732 669 2790 invidiam
679 2743 814 2804 uteretur,
826 2734 856 2792 di
865 2735 1059 2795 immortalesl

117 2849 194 2908 quas
209 2847 266 2905 ego
281 2847 396 2906 pugnas
408 2839 436 2887 et
452 2841 574 2904 quantas
593 2841 702 2906 strages
720 2832 813 2890 edidit
835 2850 919 2907 ¹quos
936 2835 1060 2909 impetus

112 2930 149 2999 ¹in
174 2927 323 2996 Pisonem,
342 2927 372 2983 in
389 2925 555 2997 Curionem,
581 2927 611 2984 in
635 2937 727 2986 totam
743 2929 822 2986 illam
844 2948 965 2989 manum
989 2931 1059 2990 fecii

119 3041 182 3102 quo
210 3023 302 3081 modo
331 3041 396 3082 sum
423 3025 579 3083 insectatus
603 3025 747 3083 levitatem
777 3008 889 3098 senum,
914 3029 1062 3088 libidinem

97 3109 292 3182 iuventutis!
315 3138 411 3196 saepe,
432 3123 471 3179 ita
491 3141 539 3180 me
561 3123 589 3180 di
611 3125 725 3182 iuvent!
748 3135 777 3183 te
797 3143 858 3183 non
879 3128 974 3185 solum
994 3147 1062 3186 auc·

120 3218 218 3279 torem
246 3219 431 3279 consiliorum
459 3238 600 3291 meorum,
628 3240 727 3280 verum
754 3223 841 3281 etiam
870 3236 1062 3301 spectatorem

120 3333 288 3395 pugnarum
301 3317 485 3374 mirificarum
500 3318 666 3377 desideravi.
720 3339 746 3378 2.
768 3319 873 3380 Postea
890 3340 957 3380 vero
975 3341 1064 3399 quam

113 3413 302 3477 Hortensius
335 3415 516 3500 excogitavit,
548 3426 579 3474 ut
609 3417 704 3493 legem
729 3419 765 3477 de
798 3419 936 3495 religione
966 3420 1065 3480 Fufius
