2356 3810
51 219 55 226 ’
78 219 82 227 ’
185 235 225 300 68
454 247 494 298 Μ.
520 170 642 297 rurdrr
663 247 852 297 mannonis
1011 233 1080 320 [rm
1097 248 1130 297 ιι.

184 416 350 494 optimeque
364 415 536 493 perspicies;
559 413 629 492 quid
647 415 733 473 nobis
751 413 913 489 placuisset,
925 432 961 472 en
976 431 1025 472 me
1040 414 1130 489 potis-

184 517 289 573 simum
303 513 401 589 putavi
420 524 448 572 te
468 514 541 572 scire
556 522 699 589 oportere.
737 525 763 587 7.
785 511 875 584 Quod
888 511 959 568 mihi
974 511 1011 568 de
1026 521 1128 569 nostro

184 623 268 683 statu,
284 612 320 670 de
335 611 453 671 Milonis
474 611 672 682 familiaritate,
693 609 729 669 de
750 611 864 669 levitate
885 619 914 668 et
934 609 1131 667 imbecillitate

184 709 280 768 Clodii
301 709 459 786 gratularis,
485 709 604 767 minime
628 708 766 766 miramur
788 717 816 766 te
840 706 897 766 tuis
920 715 953 765 ut
977 708 1131 782 egregium

184 806 322 864 artificem
343 806 497 882 praeclaris
519 805 656 881 operibus
677 805 792 863 laetari:
820 821 1000 880 quamquam
1021 813 1065 862 est
1086 804 1131 862 in-

184 904 328 963 credibilis
348 905 501 962 hominurn
522 903 864 980 perversitas—grauiore
885 902 964 960 enim
977 903 1068 960 verbo
1089 903 1131 960 uti

184 1019 245 1060 non
266 1001 385 1072 libet-3
409 1000 545 1078 quinos,
571 1019 646 1077 quos
668 999 794 1059 favendo
819 1000 848 1057 in
872 1000 1023 1058 communi
1042 1017 1132 1059 causa

184 1101 305 1158 retinere
342 1107 507 1175 potuerunt,
542 1097 700 1173 invidendo
742 1097 960 1168 abalienarunt;
1003 1114 1131 1172 quorum

184 1196 463 1256 malevolentissimis
479 1181 735 1255 obtredtaiionibus
755 1213 811 1254 nos
825 1195 898 1254 scito
917 1194 954 1253 de
968 1204 1066 1253 vetere
1083 1195 1132 1253 illa

184 1305 284 1353 nostra
308 1294 500 1370 diuturnaque
525 1294 670 1353 sententia
693 1304 787 1370 prope
809 1293 868 1380 iam
892 1310 957 1352 esse
983 1286 1130 1370 depulsos,

184 1410 244 1449 non
259 1410 315 1450 nos
329 1391 448 1468 quidem
462 1401 493 1449 ut
514 1401 631 1450 nostrae
644 1391 841 1493 dignitatis
819 1409 909 1450 simus
926 1389 1017 1462 obliti,
1032 1390 1085 1449 sed
1099 1399 1131 1448 ut

185 1490 343 1548 habeamus
371 1489 513 1547 rationem
540 1476 707 1566 aliquandd
730 1489 818 1548 etiam
850 1488 957 1546 salutis.
1014 1487 1131 1546 Poterat

185 1597 227 1644 utr
219 1605 341 1663 rumque
341 1578 543 1662 praeclare,
520 1605 544 1645 ει
559 1596 636 1646 esset
650 1587 766 1659 fides,
744 1605 768 1646 st
782 1587 905 1663 gravitas
920 1586 950 1643 in
963 1585 1131 1644 hominibus

186 1685 399 1756 consularibus3
422 1684 474 1743 sed
487 1695 566 1742 tanta
581 1694 624 1744 est
638 1686 668 1743 in
679 1685 825 1762 plerisque
840 1684 947 1762 levitas,
958 1693 991 1742 ut
1002 1702 1055 1742 eos
1070 1702 1130 1742 non
1167 1667 1172 1679 “

184 1794 245 1845 tam
259 1783 420 1842 constantia
433 1783 464 1841 in
478 1783 645 1860 republica
663 1793 763 1843 nostra
783 1784 914 1855 delectet,
930 1801 1019 1859 quam
1035 1783 1130 1858 splen-

186 1883 239 1941 dor
253 1881 392 1942 offendat.
435 1884 462 1940 8.
485 1881 575 1954 Quod
589 1901 625 1941 eo
640 1882 756 1941 liberius
771 1881 808 1940 ad
822 1891 851 1940 te
866 1882 971 1952 scribo,
987 1881 1130 1957 quianon

185 1981 280 2039 solum
295 1980 474 2056 temporibus
490 1979 543 2052 his,
559 1999 633 2057 quae
647 1999 700 2056 per
718 1990 746 2039 te
766 1999 831 2038 sum
852 1980 984 2056 adeptus
999 1979 1052 2038 sed
1072 1979 1130 2037 iam

186 2079 255 2137 olim
279 2078 409 2137 nascenti
436 2097 530 2154 prope
559 2088 676 2137 nostrae
703 2077 781 2136 laudi
809 2077 999 2154 dignitatique
1027 2076 1129 2148 favisti,

185 2176 328 2253 simulque
348 2175 429 2253 quod
450 2176 543 2247 video,
561 2193 633 2247 non,
650 2185 682 2234 ut
701 2176 824 2234 antehac
845 2176 993 2254 putabam,
1011 2177 1132 2234 novitati

186 2293 250 2333 esse
263 2275 387 2333 invisum
401 2292 501 2345 meae3
518 2275 549 2332 in
563 2283 592 2332 te
606 2274 692 2344 enim,
702 2273 822 2332 homine
836 2273 969 2332 omniurn
986 2273 1131 2333 nobilissi-

185 2390 245 2442 mo,
261 2371 364 2430 similia
378 2371 541 2430 invidorum
554 2371 623 2430 vitia
637 2371 782 2449 perspexi,
798 2390 886 2448 quern
900 2380 998 2429 tamen
1013 2371 1052 2429 illi
1067 2391 1131 2431 esse

185 2471 216 2528 in
251 2469 430 2545 principibus
463 2469 545 2528 facile
575 2478 643 2528 sunt
674 2470 761 2544 passi,
793 2470 907 2527 evolare
938 2469 1023 2528 altius
1055 2480 1131 2528 certe

186 2569 347 2627 noluerunt.
398 2566 521 2626 Gaudeo
549 2577 630 2626 tuarn
658 2567 827 2626 dissimilem
855 2567 943 2626 fuisse
967 2567 1130 2639 fortunam;

186 2666 310 2725 mulmm
331 2664 410 2723 enim
431 2665 558 2736 interest,
561 2673 681 2776 mtprpp
698 2665 789 2723 laus
782 2665 1032 2724 imminuaturan
1056 2667 1132 2726 salus

187 2765 342 2822 deseratur.
394 2761 446 2820 Me
473 2780 576 2825 meae
568 2736 683 2820 'tamen
710 2780 749 2820 ne
776 2762 862 2820 nimis
890 2763 1058 2837 paeniteret,
1084 2774 1133 2822 tua

187 2864 288 2920 virtute
308 2859 468 2936 perfectum
488 2870 549 2932 est;
576 2861 680 2919 curasti
702 2861 789 2929 enirn,
804 2869 836 2918 ut
856 2859 922 2936 plus
943 2859 1075 2919 additum
1096 2861 1132 2919 ad

187 2960 358 3018 memoriam
382 2959 509 3017 nominis
537 2959 627 3018 nostri
653 2977 753 3034 quam·
770 2959 923 3034 demptum
952 2958 989 3017 de
1018 2959 1133 3018 fortuna

188 3057 339 3117 videretur.
381 3077 408 3132 9.
430 3057 476 3116 Te
491 3075 560 3115 vero
582 3074 708 3114 emoneo
731 3074 799 3114 curn
820 3056 970 3115 beneficiis
992 3058 1057 3126 tuis,
1072 3067 1132 3116 tum

188 3172 288 3213 amore
315 3155 449 3212 incitatus
476 3171 551 3224 meo,
574 3163 606 3212 ut
633 3172 753 3211 omnem
781 3153 913 3230 gloriam,
937 3154 975 3212 ad
1003 3173 1092 3231 quam
1116 3173 1133 3212 a

188 3252 309 3329 pueritia
322 3251 518 3310 inflammatus
533 3251 619 3322 fuisti,
631 3253 712 3310 omni
727 3271 795 3310 cura
810 3262 896 3328 atque
911 3251 1048 3312 industria
1063 3271 1133 3311 con-

188 3368 310 3426 sequare
334 3349 624 3425 magnitudinemque
649 3350 738 3408 animi
759 3350 808 3420 tui,
830 3367 919 3425 quam
940 3367 996 3426 ego
1018 3367 1134 3426 semper

189 3465 254 3505 sum
277 3445 435 3506 admiratus
457 3465 628 3527 semperque
653 3448 755 3514 amavi,
778 3465 815 3506 ne
837 3465 978 3524 umquam
1001 3445 1133 3507 inflectas
