2348 3788
135 226 137 230 ·
179 203 239 268 162
412 242 416 246 -
446 215 485 265 m
510 214 629 264 rurrrr
651 207 838 264 orornours
990 198 1059 292 [Pars
1075 217 1119 265 nr.

176 365 257 423 datas
272 381 344 424 esse.
380 381 407 438 4.
419 363 468 423 Tu
482 384 549 425 cum
561 360 649 425 Sexto
668 368 786 426 servasti
803 359 971 442 gravitatem
986 367 1120 438 eandem,-

177 482 265 539 quam
279 463 350 521 mihi
363 465 513 540 praecipis.
550 464 634 523 Celer
648 476 714 524 tuus
730 467 851 524 disertus
866 465 959 540 magis
972 474 1017 522 est
1031 483 1120 540 quarn

177 565 301 638 sapiens.
342 561 389 620 De
408 564 559 626 iuvenibus
574 583 649 639 quae
668 584 704 622 ex
724 565 821 622 Tullia
840 565 943 622 audisti
961 582 1029 621 vera
1044 575 1120 622 sunt.

177 659 325 728 †Maconi
339 659 424 730 istud,
434 662 513 736 quod
530 663 639 732 scribis,
648 680 710 719 non
725 662 795 719 mihi
810 661 920 719 videtur
933 671 993 719 tam
1008 680 1039 719 re
1056 680 1121 719 esse

176 759 255 816 triste
279 775 366 833 quarn
389 759 495 816 verbo:
516 759 589 817 haec
613 769 658 817 est
682 761 741 830 ὅλη,
763 761 793 817 in
817 778 875 836 qua
901 778 980 817 nunc
1009 777 1121 830 sumus

176 856 277 913 mortis
292 856 398 914 instar:
421 865 470 913 aut
484 857 562 914 enirn
576 857 646 916 mihi
660 857 747 915 libere
762 839 837 914 inter
850 857 943 914 malos
956 861 1123 913 πολιτευτέον

177 953 229 1010 tuit
250 962 299 1010 aut
318 953 363 1010 vel
383 954 544 1028 periculose
567 972 634 1012 curn
655 955 759 1026 bonis;
781 964 830 1012 aut
851 972 907 1012 nos
927 955 1121 1013 temeritatem

176 1051 322 1108 bonorum
350 1069 504 1126 sequamur
532 1061 581 1108 aut
607 1052 759 1108 audaciam
793 1053 992 1127 improborum
1026 1053 1122 1111 insec-

176 1160 278 1206 temur.
321 1148 484 1224 Utrumque
498 1148 691 1224 periculosum
705 1159 757 1219 est,
773 1161 802 1207 at
815 1149 880 1220 hoc,
896 1150 976 1225 quod
995 1151 1121 1224 agimus

177 1257 268 1323 turpe,
278 1265 332 1305 nec
346 1257 445 1304 tamen
459 1257 561 1305 tutum.
603 1247 703 1317 Istum,
714 1248 762 1323 qui
777 1247 866 1304 filiurn
881 1248 1069 1306 Brundisium
1085 1249 1121 1306 de

177 1363 251 1422 pace
264 1345 420 1403 misit-de
439 1362 512 1421 pace
531 1345 609 1403 idem
631 1345 734 1409 sentio.
750 1346 830 1421 quod
850 1354 888 1416 tu,
905 1346 1121 1405 simulationem

177 1461 242 1501 esse
256 1453 393 1518 apertam,
402 1443 496 1518 parari
509 1453 605 1500 autern
616 1443 721 1502 bellum
735 1444 923 1514 acerrime-,
932 1462 979 1501 me
991 1445 1121 1519 legatum

177 1542 211 1598 iri
225 1558 286 1599 non
301 1540 429 1609 arbitror,
445 1541 525 1598 cuius
539 1541 642 1612 adhuc,
657 1552 688 1599 ut
703 1543 807 1616 optavi,
822 1543 932 1600 mentio
946 1541 1022 1600 facta
1041 1544 1122 1601 nulla

177 1639 231 1697 sit:
252 1656 288 1696 eo
302 1638 398 1695 minus
412 1638 507 1696 habeo
522 1656 641 1696 necesse
660 1640 784 1697 scribere
804 1648 853 1698 aut
872 1641 959 1698 etiam
981 1643 1120 1716 cogitare,

179 1736 249 1813 quid
263 1737 318 1794 sim
331 1735 468 1808 facturus,
483 1737 507 1796 si
522 1738 664 1809 acciderit,
679 1747 710 1796 ut
724 1740 810 1815 leger.

350 1897 398 1955 69.
439 1894 496 1952 ΑΙ)
517 1894 770 1953 FAMILIARES
792 1896 876 1954 VIII.
903 1897 949 1954 16.

396 2009 459 2071 Son.
484 2029 578 2069 uruss
598 2010 705 2068 Arium
726 2029 809 2070 suc.
833 2024 899 2084 705.

452 2133 571 2176 canutus
592 2133 727 2176 crcnnour
747 2133 808 2175 ssu.

223 2250 248 2292 1.
268 2230 462 2292 Exnumarus
482 2231 538 2288 tuis
559 2229 668 2303 litteris,
689 2231 796 2306 quibus
820 2240 849 2288 te
873 2229 943 2288 nihil
964 2230 1019 2289 nisi
1040 2231 1121 2291 triste

180 2335 307 2410 cogitare
321 2330 472 2390 ostendisti
486 2347 581 2406 neque
595 2329 626 2387 id
640 2330 710 2404 quid
724 2338 800 2387 esset
814 2329 1003 2404 perscripsisti
1023 2349 1121 2406 neque

179 2448 240 2489 non
260 2438 367 2498 tamen,
383 2427 468 2503 quale
489 2438 565 2484 esset
582 2427 662 2502 quod
682 2427 833 2502 cogitares
848 2427 992 2502 aperuisti,
1006 2427 1060 2484 has
1083 2429 1121 2487 ad

179 2539 207 2586 te
230 2528 294 2584 ilico
316 2527 421 2584 litteras
450 2525 559 2599 scripsi.
600 2523 656 2581 Per
678 2523 808 2582 fortunas
836 2535 909 2595 tuas,
932 2523 1044 2596 Cicem,
1067 2545 1121 2602 per

179 2627 285 2684 liberos
307 2634 335 2682 te
359 2641 412 2682 oro
426 2630 465 2680 vet
485 2623 615 2692 obsecro,
637 2621 765 2697 nequid
786 2622 900 2697 gravius
921 2622 957 2680 de
979 2623 1070 2681 salute
1092 2633 1121 2682 et

179 2722 375 2780 incolumitate
393 2729 444 2778 tua
460 2719 604 2778 consulas.
647 2716 725 2776 Nam
744 2719 815 2777 deos
834 2719 1025 2795 hominesque
1046 2723 1120 2778 ami-

179 2820 333 2896 citiamque
360 2827 491 2876 nostram
513 2817 649 2874 testificor
673 2834 720 2874 me
745 2817 795 2874 tibi
822 2817 999 2892 praedixisse
1023 2835 1121 2894 neque

180 2930 287 2978 temere
310 2917 469 2986 monuisse,
494 2915 546 2973 sed
563 2924 724 2989 postquam
750 2914 906 2972 Caesarem
934 2917 1122 2973 convenerim

180 3014 410 3090 sententiamque
438 3013 508 3083 eius,
537 3011 629 3087 qualis
656 3011 752 3069 futura
780 3021 855 3070 esset
882 3021 965 3087 parta
991 3011 1121 3082 victorIa,

181 3111 376 3189 cognoverim,
397 3120 426 3168 te
448 3110 599 3168 certi01em
622 3109 731 3167 fecisse.
776 3108 806 3166 Si
828 3109 974 3166 existimas
995 3109 1122 3167 eandem

180 3212 323 3271 rationem
337 3209 399 3268 fore
417 3207 549 3267 Caesaris
568 3208 599 3264 in
617 3207 794 3266 dimittendis
814 3207 981 3264 adversariis
1000 3216 1029 3264 et
1049 3225 1122 3265 con-

181 3309 344 3369 dicionibus
369 3305 503 3376 ferendis,
527 3323 620 3364 erras:
655 3303 725 3361 nihil
753 3305 809 3362 nIsi
836 3312 918 3362 atrox
946 3312 975 3360 et
1002 3321 1122 3362 saevum

182 3406 291 3482 cogitat
316 3417 402 3484 atque
429 3405 514 3461 etiarn
539 3403 664 3466 loquitur
713 3403 795 3454 itaut*
825 3401 931 3460 seuatui
956 3401 1043 3474 exiit3
1075 3402 1121 3462 his
