2348 3788
59 210 218 293 rp.93,94.]
246 221 356 269 rerer.
379 221 428 269 An
450 221 672 270 rnnrrrnnrs
692 224 741 272 rr.
770 228 817 290 14.
938 225 1000 289 203

58 375 237 443 conficiatur,
260 373 406 449 ipsosque,
428 390 554 448 quorum
578 374 698 431 nomina
726 363 834 450 scripsi,
855 383 886 432 ut
914 392 1002 450 quam

58 471 348 530 honorificentissime
369 489 422 546 pro
444 480 492 528 tua
515 479 617 529 natura
641 481 669 529 et
694 490 782 548 quarn
805 471 1002 530 liberalissime

58 579 173 628 tractes.
204 587 230 642 3.
242 569 343 626 Bonos
354 569 429 625 viros
441 569 478 625 ad
490 577 568 625 tuam
580 569 824 627 necessitudinem
838 569 1001 626 adiunxeris

58 667 307 743 municipiumque
322 666 516 741 gratissimum
531 666 674 723 beneficio
689 676 739 724 tuo
754 667 922 736 devinxeris,
931 667 1002 724 mihi

58 783 128 824 vero
143 766 230 822 etiam
244 765 352 839 gratius
370 763 480 832 feceris,
496 764 575 840 quod
595 782 662 840 cum
682 782 797 840 semper
816 766 888 823 tueri
906 767 1001 824 muni-

59 864 139 938 cipes
153 880 235 918 meos
251 861 397 932 consuevi,
412 870 475 918 tum
493 860 540 918 hic
559 879 652 918 annus
672 862 828 938 praecipue
848 862 885 920 ad
904 879 1001 918 meam

59 979 159 1019 curam
178 960 362 1034 officiumque
384 960 523 1034 pertinet:
546 976 615 1016 nam
636 959 831 1017 constituendi
852 958 1001 1032 municipii

59 1076 148 1115 causa
161 1058 219 1115 hoc
233 1075 311 1114 anno
326 1056 449 1113 aedilem
464 1056 553 1112 lilium
567 1074 666 1113 meum
685 1057 746 1114 fieri
765 1057 842 1114 volui
862 1065 891 1114 et
909 1055 1002 1114 fratris

59 1157 149 1212 filium
177 1166 206 1213 et
233 1155 275 1213 M.
299 1153 445 1224 Caesium,
469 1154 620 1211 hominem
648 1154 719 1211 mihi
746 1155 873 1212 maxime
901 1172 1002 1212 neces·

59 1254 183 1317 sarium;
199 1253 223 1310 is
237 1253 315 1310 enim
330 1251 514 1326 magistratus
528 1251 558 1306 in
572 1260 673 1309 nostro
687 1252 846 1327 municipio
861 1270 916 1309 nec
930 1251 1002 1309 alius

59 1350 132 1408 ullus
146 1352 235 1408 creari
250 1351 340 1419 solet;
362 1366 438 1424 quos
458 1347 659 1406 cohonestaris
679 1349 708 1406 in
728 1349 887 1425 primisque
906 1367 962 1418 me,
977 1349 1002 1407 si

59 1466 105 1505 res
126 1449 241 1522 publica
259 1447 408 1522 municipii
427 1455 478 1503 tuo
497 1446 601 1516 studi0‚
617 1446 763 1522 diligentia
783 1449 859 1504 bene
880 1447 1002 1504 admini-

60 1554 147 1602 strata
168 1547 227 1603 erit.
270 1544 359 1616 Quod
380 1553 412 1601 ut
432 1541 530 1613 facias,
552 1553 580 1601 te
601 1543 785 1602 vehementer
806 1545 894 1603 etiam
914 1553 1001 1621 atque

59 1644 147 1701 etiam
165 1662 247 1719 rogo

248 1799 298 1859 94.
339 1801 396 1858 ΑΙ)
417 1800 670 1859 FAMILIARES
692 1801 744 1860 lV.
767 1819 813 1874 14.

335 1915 401 1975 Seu.
423 1915 532 1974 Rounu
553 1933 636 1974 auc.
656 1918 723 1988 708.

311 2038 342 2078 u.
357 2038 459 2079 crosno
479 2039 500 2078 s.
516 2038 544 2078 n.
559 2038 603 2079 cu.
618 2038 751 2079 renuero.

104 2152 128 2193 1.
149 2133 238 2193 Bruns
257 2144 319 2192 ate
340 2135 440 2210 accepi
461 2135 576 2205 litteras,
593 2133 737 2210 Corcyrae
758 2134 857 2206 datas;
879 2153 1002 2212 quarum

60 2232 154 2290 alteris
172 2232 241 2289 mihi
262 2233 451 2307 gratulabare,
467 2232 547 2307 quod
568 2233 699 2290 audisses
719 2250 767 2290 me
789 2250 885 2290 meam
907 2234 1001 2309 pristi-

60 2348 128 2386 nam
154 2330 324 2404 diguitatem
348 2331 488 2399 obtinere,
510 2329 605 2387 alteris
629 2329 747 2387 dicebas
772 2339 800 2388 te
824 2330 904 2400 velle,
926 2348 1002 2406 quae

60 2429 192 2503 egissem,
204 2429 280 2486 bene
300 2438 329 2486 et
348 2427 464 2486 feliciter
479 2427 600 2486 evenire.
635 2426 702 2503 Ego
717 2438 822 2498 autern,
837 2428 861 2486 si
876 2428 1001 2503 dignitas

60 2536 103 2582 est
116 2527 191 2583 bene
206 2525 242 2582 de
257 2544 287 2583 re
302 2526 417 2601 publica
431 2525 536 2583 sentire
550 2533 580 2582 et
598 2525 683 2583 bonis
698 2525 763 2583 viris
782 2526 906 2601 probare
921 2527 1001 2601 quod

60 2624 174 2693 sentiaS,
189 2624 308 2681 obtineo
323 2623 492 2698 dignitatem
507 2640 603 2680 meam
612 2640 620 2693 ;
642 2625 686 2681 sin
701 2633 797 2681 autem
811 2624 841 2680 in
856 2642 891 2681 eo
907 2625 1000 2700 digni·

59 2733 102 2780 tas
118 2733 169 2792 est,
185 2724 217 2794 si,
232 2723 313 2798 quod
328 2722 443 2792 sentias
459 2733 508 2779 aut
522 2740 552 2778 re
567 2721 679 2779 efficere
693 2723 789 2797 possis
806 2732 856 2780 aut
875 2723 1000 2799 denique

58 2822 147 2878 libera
160 2823 290 2878 oratione
307 2819 471 2889 defendere,
486 2837 524 2876 ne
543 2819 694 2894 vestigium
713 2818 830 2894 quidem
849 2821 939 2879 ullum
956 2831 1000 2879 est

59 2918 201 2993 reliquum
222 2918 307 2975 nobis
329 2917 483 2992 dignitatis,
498 2917 648 2992 agiturque
669 2917 823 2991 praeclare,
839 2919 863 2976 si
884 2927 1000 2976 nosmet

58 3016 137 3090 ipsos
159 3033 258 3090 regere
280 3032 445 3090 possumus,
466 3023 498 3089 ut
519 3031 562 3083 ea,
584 3031 658 3089 quae
680 3015 783 3089 partim
804 3015 862 3072 iam
885 3015 999 3083 adsunt,

57 3115 161 3187 partim
177 3113 355 3190 impendent,
370 3113 521 3170 moderate
535 3111 668 3176 feramus,
684 3111 764 3186 quod
778 3123 822 3170 est
836 3113 948 3171 difficile
968 3115 998 3172 in

57 3212 119 3268 eius
143 3210 224 3268 modi
248 3210 334 3280 belle,
356 3210 438 3268 cuius
466 3210 560 3267 exitus
588 3227 624 3266 ex
653 3208 741 3267 altera
768 3219 849 3285 parte
877 3212 998 3269 eaedem

57 3317 191 3377 ostentat,
213 3326 249 3365 ex
271 3307 358 3364 altera
382 3309 554 3372 servitutem.
599 3326 624 3364 a.
647 3305 716 3377 Quo
736 3307 766 3364 in
788 3307 915 3382 periculo
936 3326 998 3367 non

57 3405 127 3463 nihil
144 3424 190 3463 me
210 3405 384 3476 consolatur,
400 3423 467 3464 curn
485 3404 622 3463 recordor
639 3404 712 3463 haec
733 3423 781 3463 me
802 3415 864 3464 tum
883 3406 995 3477 vidisse,
