2348 3788
118 202 180 267 230
284 209 286 212 ·
398 197 437 248 M.
462 197 582 244 rurrrr
604 197 792 244 crcrrrrorvrs
945 181 1018 264 [rats
1032 199 1062 247 v.

116 352 185 409 mihi
201 353 315 428 saepius
330 362 373 411 est
395 352 486 411 ‘Cato
504 353 614 411 maior’
636 352 674 411 ad
694 362 721 410 te
741 353 865 424 missus;
888 353 1062 410 amariorem

116 452 194 508 enim
215 470 263 509 me
284 459 417 509 senectus
438 450 513 509 lacit.
557 450 730 509 Stomacbor
755 452 863 509 omnia.
908 450 967 508 Sed
992 451 1062 508 mihi

116 549 235 624 quidem
248 551 382 618 βεβίωται.
425 548 560 607 Viderint
573 550 701 607 iuvenes.
743 549 792 607 Tu
806 567 874 606 mea
892 550 1018 619 curabis,
1033 560 1063 606 ut

117 666 210 706 curas.
253 666 280 719 4.
312 646 397 706 Haec
425 647 528 724 scripsi
557 665 608 705 seu
636 647 741 705 dictavi
769 646 905 722 apposita
933 647 1062 705 secunda

118 763 219 802 mensa
237 745 317 820 apud
330 744 507 803 Vestorium.
549 726 692 804 Postridie
713 745 792 820 apud
805 744 935 803 Hirtium
952 747 1062 820 cogita-

118 845 195 913 bam,
210 853 238 900 et
259 843 377 919 quidem
397 845 572 904 πεντελοιπον.
617 841 664 901 Sic
681 843 831 901 hominem
851 842 1003 901 traducere
1025 844 1061 902 ad

116 941 271 1015 optimates
296 959 376 1017 paro.
418 945 500 1017 Λῆρος
526 940 616 998 πολύς.
660 940 757 1000 Nemo
787 951 830 999 est
858 941 989 1012 istorum,
1014 943 1061 1017 qui

117 1039 210 1096 otium
237 1057 299 1097 non
327 1040 433 1097 timeat.
476 1038 544 1110 Qua
570 1057 601 1097 re
628 1039 728 1097 talaria
752 1039 916 1109 videamus;
950 1041 1062 1116 quidvis

117 1137 196 1194 enim
224 1137 321 1213 potius
349 1155 437 1213 quam
466 1147 567 1196 castra.
608 1137 721 1195 Atticae
754 1137 875 1195 salutem
906 1137 1061 1213 plurimam

117 1235 203 1292 velim
231 1236 318 1294 dicas.
361 1235 509 1311 Exspecto
537 1233 650 1294 Octavii
679 1235 849 1293 contionem
881 1244 911 1294 et
940 1237 964 1294 si
993 1237 1062 1312 quid

117 1333 203 1404 aliud,
218 1335 344 1391 maxime
364 1343 470 1403 autem,
484 1333 590 1408 ecquid
603 1333 757 1392 Dolabella
770 1333 872 1391 tinniat
887 1351 925 1390 an
944 1334 976 1392 in
995 1351 1062 1392 meo

117 1431 236 1489 nomine
251 1431 362 1489 tabulas
377 1448 467 1488 novas
481 1430 588 1490 fecerit.
814 1415 819 1423 ⁵

298 1591 363 1644 113.
406 1586 464 1642 AD
485 1585 742 1674 FAMILIARES¹
761 1586 814 1644 XI.
838 1600 884 1661 27.

216 1699 281 1759 Seu.
302 1719 333 1758 nr
354 1700 532 1760 Tuscumrro
553 1720 580 1758 v.
604 1700 681 1759 Km.
704 1701 767 1760 Iurr.
788 1720 871 1761 nuc.
895 1715 964 1775 710.

403 1803 416 1889 [
440 1804 460 1888 ]
482 1827 585 1868 ercurio
605 1827 698 1868 uarro
718 1827 780 1868 sur..

163 1941 188 1982 1.
208 1920 342 1983 Nonourt
362 1923 430 1982 satis
449 1923 586 1982 constitui
604 1922 794 1982 molestiaene
814 1923 880 1999 plus
898 1943 940 1982 an
960 1923 1062 2000 volup-

119 2023 184 2080 tatis
209 2022 333 2080 attulerit
353 2021 425 2078 mihi
444 2021 599 2080 Trebatius
623 2029 730 2090 noster,
752 2021 843 2079 homo
865 2039 934 2078 cum
958 2022 1062 2098 plenus

119 2120 213 2188 officii,
235 2129 297 2176 tum
318 2119 464 2194 utriusque
485 2127 616 2176 nostrum
637 2118 868 2177 amantissimus:
896 2138 966 2176 nam
994 2139 1062 2178 cum

119 2218 149 2273 in
170 2217 371 2275 Tusculanum
391 2215 504 2291 vesperi
524 2217 676 2286 venissem,
699 2217 838 2292 postridie
866 2216 911 2275 ille
940 2217 978 2274 ad
1006 2236 1061 2282 me,

118 2316 251 2372 nondum
267 2316 334 2372 satis
345 2315 428 2371 firmo
443 2331 565 2389 corpore
580 2332 646 2371 cum
661 2323 746 2383 esset,
760 2331 847 2372 mane
858 2315 936 2372 venit
944 2332 952 2384 ;
974 2333 1062 2389 quem

119 2432 186 2471 cum
201 2415 394 2488 obiurgarem,
406 2412 486 2488 quod
500 2429 602 2487 parum
612 2411 766 2469 valetudini
780 2422 919 2486 parceret,
930 2422 993 2470 tum
1007 2413 1063 2484 ille,

118 2511 189 2567 nihil
218 2511 271 2568 sibi
295 2510 410 2584 longius
439 2508 535 2577 fuisse,
558 2526 647 2587 quam
675 2516 720 2565 ut'
734 2527 781 2566 me
804 2508 919 2567 videret.
964 2509 1063 2567 ‘Num

119 2603 275 2685 quidnam'
311 2608 430 2683 inquam
466 2603 589 2664 ‘novii'
630 2606 741 2664 Detulit
773 2607 811 2665 ad
838 2626 886 2665 me
913 2610 1063 2683 querelam

118 2719 207 2777 tuam,
230 2706 266 2763 de
288 2724 345 2781 qua
365 2705 445 2782 prius
468 2723 558 2780 quam
582 2705 748 2780 respondeo
773 2722 866 2780 pauca
887 2723 1061 2781 proponam.

121 2824 147 2863 2.
168 2803 318 2875 Quantum
339 2802 480 2860 memoria
500 2811 629 2878 repetere
647 2802 799 2876 praeterita
818 2819 948 2877 possum,
969 2820 1059 2860 nemo

120 2913 165 2962 est
182 2901 252 2959 mihi
271 2909 299 2957 te
320 2901 431 2957 amicus
452 2899 616 2974 antiquior,
638 2898 690 2956 sed
704 2908 829 2958 vetustas
846 2899 934 2957 habet
954 2899 1065 2976 aliquid

122 2988 277 3061 commune
292 3015 359 3055 eum
374 2997 479 3067 multis,
491 3013 573 3053 amor
587 3014 648 3053 non
662 2995 749 3053 habet
763 3015 769 3053 :
793 2995 885 3053 dilexi·
895 3005 931 3066 te,
943 3015 1003 3072 quo
1018 2998 1064 3055 die

122 3097 254 3173 cognovi,
269 3113 374 3170 meque
389 3103 449 3151 ate
464 3094 542 3169 diligi
557 3093 688 3151 iudicavi.
731 3094 816 3155 Tuus
835 3093 939 3154 deinde
958 3097 1065 3154 disces·

122 3216 179 3266 sus,
195 3196 277 3270 isque
297 3194 454 3262 diutumus,
469 3191 588 3249 ambitio
607 3202 705 3248 nostra
725 3202 753 3250 et
767 3193 840 3249 vitae
859 3191 1063 3250 dissimilitudo

123 3313 184 3352 non
205 3304 248 3352 est
268 3309 355 3368 passa
372 3290 534 3348 voluntates
555 3299 668 3347 nostras
689 3290 897 3347 consuetudine
919 3291 1063 3365 congluti-

122 3392 201 3465 nari3
224 3401 305 3449 tuum
322 3401 419 3449 tamen
438 3406 507 3450 erra
525 3405 574 3442 me
593 3405 709 3442 an........
742 3425 748 3438 f
766 3388 846 3445 movi
863 3387 959 3446 multis
977 3389 1061 3449 annis

1068 3644 1101 3693 ἦ
