2356 3810
120 233 164 296 ap.
183 217 253 303 ns]
316 232 429 284 nrrsr.
452 234 502 281 AD
522 236 745 286 rnnrrmnrs
766 239 815 289 rr.
838 245 870 310 3.
998 236 1061 310 237

315 462 380 517 116.
422 459 479 517 AD
501 460 751 520 FAMILIARES
774 461 826 520 XI.
850 479 877 537 3.

324 573 389 633 Scit.
404 593 479 633 enm.
495 575 571 635 Nou.
587 576 674 634 Snxr.
689 593 772 635 nuc.
788 588 857 648 710.

259 697 372 739 nnurus
392 699 431 739 rr
451 700 560 741 cassius
581 667 624 740 ra.
639 701 662 741 s.
676 702 704 740 n.
719 701 847 742 auronro
867 697 926 742 cos

163 809 188 850 1.
211 791 239 851 S.
254 812 280 851 v.
296 813 322 852 a.
364 794 488 853 Litteras
502 806 565 854 tuas
585 796 707 870 legimus
727 795 885 853 simillimas
905 793 991 853 edicti
1011 794 1061 867 tui,

119 890 351 962 contumeliosas,
370 893 506 963 minaces,
526 893 647 952 minime
668 893 773 968 dignas
792 889 867 967 quae
888 910 906 949 a
926 902 954 951 te
976 892 1062 951 nobis

118 988 305 1046 mitterentur.
350 987 423 1059 Nos,
452 990 573 1061 Antoni,
598 999 626 1049 te
653 991 731 1048 nulla
754 989 931 1048 lacessiimus
959 990 1062 1048 iniuria

118 1103 214 1161 neque
233 1087 402 1144 miraturum
421 1087 604 1158 credidimus,
620 1088 643 1146 si
662 1097 809 1162 praetores
828 1097 857 1144 et
873 1105 908 1144 ea
922 1087 1061 1163 dignitate

117 1183 252 1241 homines
267 1184 373 1260 aliquid
387 1185 483 1242 edicto
498 1185 725 1259 postulassemus
740 1203 758 1242 a
776 1185 913 1243 consule:
935 1186 1016 1260 quod
1037 1187 1061 1244 si

117 1280 276 1355 indignaris
295 1301 382 1340 ausos
401 1301 466 1341 esse
485 1284 515 1341 id
536 1284 639 1354 facere,
654 1283 784 1342 concede
804 1284 890 1341 nobis
910 1292 942 1341 ut
962 1282 1061 1342 dolea-

117 1396 183 1435 mus
204 1397 241 1436 nc
263 1380 319 1437 hoc
340 1380 458 1454 quidem
479 1381 532 1439 abs
553 1391 581 1438 te
602 1381 692 1439 Bruto
714 1391 742 1438 et
764 1378 866 1438 Cassio
894 1381 986 1438 tribui.
1034 1401 1060 1442 2.

118 1476 197 1534 Nam
219 1477 255 1536 de
276 1477 426 1536 dilectibus
447 1477 551 1536 habitis
572 1488 601 1537 et
621 1479 753 1555 pecuniis
775 1479 929 1554 imperatis,
952 1481 1059 1537 exerci-

117 1573 193 1630 tibus
208 1573 364 1630 sollicitatis
378 1582 408 1631 et
420 1574 528 1631 nuntiis
543 1584 621 1632 trans
636 1593 714 1632 mare
728 1575 824 1631 missis
839 1574 919 1650 quod
932 1583 961 1632 te
973 1593 1059 1650 ques·

117 1678 179 1727 tum
197 1689 261 1728 esse
275 1689 374 1746 negas,
389 1688 443 1729 nos
457 1671 575 1746 quidem
595 1673 645 1728 tibi
664 1671 809 1730 credimus
828 1673 940 1746 optimo
959 1673 1058 1731 animo

117 1779 145 1826 tc
160 1768 271 1838 secisse,
287 1768 337 1826 sed
352 1777 450 1826 tamen
464 1787 559 1844 neque
580 1768 766 1843 agnoscimus
780 1768 937 1843 quicquam
956 1787 1059 1829 eorum

117 1876 145 1924 et
160 1875 189 1923 te
203 1868 347 1936 miramur,
363 1885 430 1924 curn
445 1867 516 1924 haec
530 1867 683 1936 reticueris,
692 1883 753 1924 non
767 1866 896 1941 potuisse
911 1867 1057 1926 continere

117 1964 295 2022 iracundiam
313 1973 401 2031 tuam,
416 1965 485 2040 quin
504 1965 589 2022 nobis
604 1964 640 2022 de
654 1972 747 2022 morte
762 1961 894 2021 Caesaris
909 1963 1057 2022 obiiceres.

117 2081 144 2135 3.
166 2061 242 2118 Illud
255 2079 323 2119 vero
338 2079 425 2136 quem
440 2061 477 2118 ad
493 2061 615 2118 modum
634 2060 788 2118 ferundum
808 2059 851 2130 sit,
868 2048 928 2119 tute
949 2061 1056 2135 cogita,

115 2179 177 2219 non
193 2161 279 2218 licere
297 2160 477 2236 praetoribus
496 2159 670 2218 concordiae
689 2177 723 2216 ac
740 2159 876 2216 libertatis
897 2176 985 2217 causa
1005 2176 1058 2234 per

116 2259 243 2317 edictum
258 2258 294 2316 de
309 2276 362 2316 suo
377 2258 438 2315 iure
452 2257 600 2326 decedere,
616 2257 686 2333 quin
700 2255 803 2315 consul
823 2273 903 2314 arma
922 2256 1056 2316 minetur.

117 2357 252 2428 Quorum
273 2355 378 2413 fiducia
395 2354 465 2411 nihil
483 2365 527 2415 est
546 2355 626 2430 quod
644 2373 699 2412 nos
718 2364 840 2425 terreas3
862 2372 958 2430 neque
979 2355 1057 2412 enim

116 2457 199 2514 decet
213 2465 262 2512 aut
276 2455 409 2513 convenit
423 2454 508 2512 nobis
523 2454 651 2530 periculo
671 2453 720 2511 ulli
739 2453 907 2511 submittere
926 2453 1056 2512 animum

116 2564 248 2611 nostrum
267 2571 361 2628 neque
380 2561 424 2609 est
438 2552 567 2609 Antonio
586 2551 800 2627 postulandum,
815 2559 847 2607 ut
867 2551 902 2610 iis
923 2551 1054 2626 imperet,

116 2669 240 2728 quorum
268 2668 358 2725 opera
385 2649 457 2707 liber
483 2660 536 2707 est.
585 2645 648 2708 Nes
676 2649 701 2707 si
728 2648 784 2707 alia
810 2647 999 2719 hortarentur,
1023 2657 1056 2708 ut

115 2749 223 2807 bellum
242 2748 322 2806 civile
342 2747 478 2805 suscitare
497 2746 641 2817 vellemus
662 2747 772 2804 litterae
792 2757 857 2804 tuae
878 2746 949 2803 nihil
969 2747 1057 2822 profi-

115 2856 229 2917 cerent;
251 2845 329 2903 nulla
348 2847 426 2907 enim
445 2844 581 2902 minantis
598 2844 751 2902 auctoritas
770 2843 849 2918 apud
869 2843 974 2902 liberos
996 2853 1057 2901 est:

116 2946 169 3003 sed
184 2943 302 3018 pulchre
317 2942 459 3015 intellegis
478 2960 539 3000 non
558 2960 645 3018 posse
665 2959 720 3000 nos
734 2959 884 3018 quoquam
898 2942 1013 3018 impelli,
1027 2950 1056 3000 et

116 3042 245 3101 fortassis
260 3059 295 3099 ea
308 3059 339 3098 re
353 3041 502 3099 minaciter
519 3042 589 3116 agis,
604 3050 636 3098 ut
654 3040 793 3098 iudicium
812 3049 942 3096 nostrum
961 3047 1056 3098 metus

116 3142 253 3199 videatur.
295 3157 322 3211 4.
345 3137 409 3196 Nos
424 3140 453 3196 in
467 3139 521 3197 hac
537 3140 678 3197 sententia
692 3156 799 3204 sumus,
815 3147 846 3195 ut
859 3147 887 3195 te
907 3137 1058 3212 cupiamus

117 3241 148 3296 in
162 3239 251 3295 libera
264 3256 295 3295 re
310 3237 426 3312 publica
444 3255 584 3312 magnum
603 3247 689 3312 atque
708 3237 865 3294 honestum
884 3253 956 3305 esse,
971 3253 1057 3294 vocc-

117 3355 184 3394 mus
208 3345 236 3392 te
261 3335 298 3392 ad
323 3334 415 3392 nullas
436 3335 606 3405 inimicitias,
627 3335 678 3392 sed
699 3344 798 3392 tamen
818 3334 906 3408 pluris
927 3344 1057 3393 nostram

118 3434 277 3491 libertatem
292 3450 381 3509 quam
395 3445 474 3490 tuam
494 3432 648 3491 amicitiam
667 3433 860 3491 aestimemus.
902 3429 952 3491 Tu
970 3433 1058 3495 etiam
