2356 3810
72 234 117 297 ap.
130 217 185 304 za]
281 231 395 281 nrrsr.
417 231 467 280 rr>
487 231 709 282 murmuras
731 234 755 280 r.
779 240 808 305 9.
975 236 1015 304 79

72 391 102 440 et
132 381 280 457 dignitate.
322 381 382 441 Hic
409 383 532 442 multum
560 383 647 443 valuit
679 402 746 442 cum
773 393 855 442 vetus
883 384 1015 455 amicitia,

72 498 164 556 quam
184 489 215 536 tu
235 497 296 538 non
317 480 435 555 ignoras
453 480 523 538 mihi
538 489 566 538 et
580 480 692 552 Quinto
712 480 790 540 fratri
809 499 877 540 cum
892 480 1017 540 Caesare

73 577 173 648 suisse,
188 587 250 635 tum
264 577 429 637 humanitas
444 579 505 637 eius
524 596 559 636 ac
578 578 731 638 liberalitas
750 579 829 636 brevi
844 588 975 655 tempore
989 589 1018 638 et

72 677 173 736 litteris
187 688 216 735 et
229 676 331 735 officiis
344 687 497 753 perspecta
510 677 597 736 nobis
611 687 639 735 et
653 678 779 753 cognita.
821 677 1018 737 Vehementer

70 777 162 835 etiam
185 793 231 834 res
255 775 320 851 ipsa
341 775 457 851 publica
478 793 526 833 me
550 775 649 846 movit,
674 792 749 851 quae
775 774 846 833 mihi
869 775 1018 833 videbatur

73 873 303 944 contentionem,
318 873 485 948 praesertim
499 873 633 930 maximis
648 874 734 930 rebus
748 890 766 930 a
781 871 906 932 Caesare
919 874 1017 948 gestiS,

73 989 144 1031 cum
157 971 212 1029 illis
225 971 292 1029 viris
307 971 385 1029 nolle
399 970 459 1028 fieri
473 979 510 1040 et,
524 988 562 1027 ne
577 969 665 1041 fieret,
679 968 864 1028 vehementer
876 988 1015 1029 recusare.

74 1067 254 1127 Gravissime
269 1077 366 1125 autem
380 1085 427 1125 me
442 1068 472 1124 in
486 1067 562 1126 hanc
576 1077 704 1125 mentem
718 1067 830 1143 impulit
844 1077 873 1126 et
886 1068 1018 1144 Pompeii

73 1165 157 1235 fides,
172 1183 260 1242 quam
280 1165 317 1223 de
337 1182 385 1222 me
406 1163 525 1223 Caesari
545 1164 672 1236 dederat,
686 1174 715 1223 et
734 1164 826 1224 fratris
846 1166 914 1237 mei,
928 1184 1018 1241 quarn

72 1263 227 1339 Pompeio,
267 1262 360 1320 Erarit
378 1273 526 1339 praeterea
544 1263 616 1322 haec
635 1263 889 1322 animadvertenda
906 1265 937 1322 in
951 1266 1017 1323 civi-

72 1370 142 1431 tate,
157 1378 232 1436 quae
247 1371 314 1420 sunt
331 1361 411 1436 apud
430 1360 583 1420 Platonem
603 1371 735 1420 nostmm
754 1361 859 1439 scripta
875 1361 1017 1433 divinitus,

73 1462 177 1538 quales
191 1463 222 1519 in
235 1480 266 1520 re
280 1463 397 1538 publica
413 1453 558 1541 principes
575 1472 681 1535 essent,
695 1463 767 1522 tales
786 1463 911 1540 reliquos
926 1465 1018 1524 solere

73 1578 140 1617 esse
155 1560 239 1618 cives.
274 1559 427 1618 Tenebam
440 1561 582 1620 memoria
595 1561 681 1620 nobis
692 1561 860 1620 consulibus
870 1580 904 1619 ea
915 1561 1018 1621 funda-

75 1664 177 1714 menta
196 1657 272 1716 iacta
295 1658 353 1714 iam
378 1675 414 1716 ex
435 1657 576 1716 Kalendis
598 1658 738 1718 Ianuariis
759 1659 950 1718 confirmandi
974 1678 1019 1718 se·
1076 1680 1079 1684 ’

73 1764 170 1826 natus,
184 1763 216 1812 ut
230 1754 378 1813 neminem
392 1755 488 1813 mirari
507 1765 652 1832 oporteret
671 1755 768 1815 Nonis
786 1755 941 1816 Decembr.
956 1768 1019 1816 tan-

73 1859 139 1906 tum
152 1848 197 1906 vel
211 1849 300 1906 animi
314 1847 401 1907 luisse
416 1849 446 1907 in
463 1849 512 1907 illo
527 1849 629 1907 ordine
646 1849 691 1908 vel
709 1851 905 1924 auctoritatis;
927 1852 1020 1911 idem-

73 1964 133 2022 que
160 1947 351 2004 memineram
378 1947 464 2005 nobis
487 1948 604 2023 privatis
625 1965 719 2024 usque
747 1948 785 2007 ad
807 1947 963 2007 Caesarem
991 1961 1020 2008 et

72 2043 212 2102 Bibulum
239 2045 382 2115 consules,
405 2064 473 2105 cum
500 2046 658 2105 sententiae
686 2056 802 2104 nostrae
824 2065 967 2122 magnum
988 2051 1019 2108 in

74 2151 179 2200 senatu
197 2141 314 2217 pondus
331 2141 478 2215 haberent,
492 2161 584 2201 unum
605 2142 664 2202 fere
681 2161 798 2202 sensum
819 2143 907 2202 suisse
927 2146 1020 2205 bono·

74 2257 140 2296 rum
155 2240 295 2297 omnium.
342 2258 386 2314 13.
409 2240 523 2311 Postea,
538 2259 606 2298 cum
625 2251 657 2298 tu
671 2240 846 2316 Hispaniam
859 2243 1020 2303 citeriorem

74 2357 144 2398 cum
158 2339 280 2413 imperio
290 2339 434 2397 obtineres
448 2357 543 2414 neque
554 2358 600 2398 res
615 2338 731 2415 publica
744 2339 879 2399 consules
893 2340 1020 2414 haberet,

74 2437 129 2496 sed
155 2446 331 2495 mercatores
359 2438 572 2512 provinciarum
600 2447 629 2497 et
656 2438 832 2497 seditionum
860 2457 958 2498 servos
986 2459 1021 2500 ac

73 2534 233 2604 ministros
258 2534 324 2592 iecit
345 2535 464 2610 quidam
485 2553 571 2594 casus
593 2545 681 2612 caput
708 2553 807 2594 meum
828 2537 910 2612 quasi
931 2547 1021 2596 certa-

73 2629 162 2688 minis
186 2648 274 2689 causa
298 2631 328 2688 in
356 2632 483 2691 mediam
504 2635 724 2692 contentionem
752 2633 1021 2711 dissensionemque

75 2727 206 2798 civilem;
228 2746 287 2803 quo
305 2729 336 2786 in
355 2729 520 2789 discrimine
535 2750 602 2790 cum
623 2732 744 2790 mirifica
763 2741 889 2803 senatus,
900 2733 1023 2792 incredi-

74 2826 142 2883 bilis
156 2825 255 2883 ltaliae
268 2827 364 2896 totius,
381 2827 532 2902 singularis
546 2830 679 2887 omnium
697 2830 844 2888 bonorum
864 2832 1021 2890 consensio

74 2924 106 2982 in
133 2941 182 2980 me
209 2924 319 2982 tuendo
346 2926 509 2997 exstitisset,
535 2944 596 2984 non
621 2925 726 2998 dicam,
751 2928 822 3003 quid
846 2929 1022 2988 acciderit—

74 3021 232 3079 multorum
247 3030 290 3079 est
307 3021 385 3079 enim
406 3032 435 3080 et
454 3023 532 3081 varia
547 3023 681 3099 culpa—,
696 3033 808 3083 tantum
823 3027 919 3085 dicam
932 3027 1020 3097 brevi,

75 3135 137 3175 non
152 3117 222 3174 milri
236 3119 393 3177 exercitum
408 3119 460 3178 sed
474 3119 563 3178 duces
575 3120 708 3179 defuisse.
738 3121 774 3180 In
789 3140 857 3199 qu0,
868 3132 899 3181 ut
913 3124 972 3181 iam
986 3125 1023 3182 sit

75 3216 107 3273 in
122 3215 157 3272 iis
172 3215 265 3290 culpa,
277 3217 326 3291 qui
341 3234 388 3274 me
403 3236 464 3275 non
479 3218 677 3289 defenderunt,
689 3236 751 3277 non
764 3221 861 3278 minor
875 3221 962 3278 estin
977 3221 1021 3292 iis,

78 3312 129 3389 qui
143 3312 326 3388 reliquerunt,
341 3324 376 3385 et,
395 3315 419 3372 si
439 3316 594 3374 accusandi
613 3326 688 3387 sunt,
703 3317 727 3374 si
741 3320 791 3393 qui
805 3319 1020 3394 pertimuemnt,

78 3411 173 3487 magis
188 3410 275 3468 etiam
289 3411 526 3488 reprehendendi,
549 3414 572 3472 si
593 3415 694 3491 quise
715 3415 815 3477 timere
837 3416 1021 3477 simularunt:
