2356 3810
407 134 419 158 c
443 118 483 162 lxi
538 122 605 162 ἂν·
659 118 664 129 ’

99 203 218 288 rp.16.]
294 216 407 264 rursu.
430 216 479 263 no
501 216 666 266 arricum
685 219 738 264 ιιι.
765 220 812 286 15.
997 217 1040 284 45

98 373 203 443 scribo,
219 354 320 449 quote
338 391 398 431 non
411 391 479 432 meo
499 391 567 432 casu
587 374 716 431 maximo
738 373 838 430 dolore
860 391 922 430 esse
943 373 1039 430 adfec-

97 481 160 528 tum
175 473 273 541 sciam,
288 468 341 529 sed
355 471 467 548 profect
468 490 495 542 o,
512 473 534 529 si
537 482 704 548 ,quantum
717 490 764 529 me
786 490 866 529 amas
888 482 916 529 et
929 473 1039 539 amasti,

97 580 211 627 tantum
239 588 336 628 amare
364 562 491 627 debdr'es
513 588 547 627 ac
578 556 737 639 debuisses
767 588 927 644 numquam
961 588 1039 626 esses

97 686 203 743 passus
221 686 278 738 me,
294 685 353 743 quo
373 677 405 724 tu
426 668 604 737 abundabas,
626 686 711 742 egere
733 668 863 738 consilio,
886 686 940 725 nec
961 685 1040 724 esses

96 785 214 868 passus
215 767 285 840 mihi
301 766 468 842 persuaderi
481 777 512 823 ut
502 766 549 823 tile
563 766 648 823 nobis
663 785 726 824 esse
745 766 840 840 legem
862 766 898 823 de
913 765 1039 838 collegiis

96 845 234 940 perleiri
267 863 325 921 Sed
339 875 370 920 tu
384 873 497 920 tantum
517 863 649 921 lacrimas
671 864 828 938 praebuisti
808 863 942 920 trdolori
964 881 1040 931 meo,

96 963 178 1036 quod
199 971 259 1019 erat
280 961 395 1030 amoris,
411 971 560 1035 tamquam
580 962 643 1036 ipse
657 978 730 1036 ego;
753 960 832 1036 quod
847 961 954 1018 meritis
969 961 1040 1017 meis

96 1059 258 1136 perlectum
272 1059 407 1133 oportuit,
419 1068 451 1114 ut
466 1059 527 1115 dies
542 1067 570 1115 et
584 1067 694 1127 noctes,
706 1059 776 1133 quid
790 1058 861 1115 mihi
875 1058 1041 1115 laciendum

97 1167 183 1228 esset,
197 1157 350 1232 cogitares,
364 1156 395 1214 id
412 1157 464 1213 abs
486 1165 514 1213 te
535 1174 611 1224 me0‚
633 1173 695 1212 non
716 1166 766 1212 tuo
788 1156 894 1213 scelere
915 1166 1041 1231 praeter-

97 1256 221 1313 missum
236 1264 288 1312 est.
322 1253 412 1324 Quod
427 1254 451 1311 si
466 1271 528 1310 non
542 1254 633 1310 modo
648 1263 687 1322 tu,
700 1253 752 1311 sed
766 1254 918 1328 quisquam
933 1252 1040 1320 fuisset,

99 1354 149 1429 qui
162 1371 210 1409 me
221 1351 353 1427 Pompeii
367 1351 463 1408 minus
478 1351 586 1408 liberali
600 1369 744 1426 responso
758 1351 938 1426 perterritum
953 1370 970 1408 a
983 1360 1041 1407 tur-

98 1452 220 1527 pissimo
240 1449 360 1508 consilio
379 1459 536 1518 revocaret,
556 1449 636 1524 quod
658 1467 733 1507 unus
752 1459 784 1506 tu
802 1448 895 1506 facere
916 1449 1041 1506 maxime

99 1546 226 1622 potuisti,
242 1556 290 1604 aut
307 1546 511 1603 occubuissem
525 1545 648 1602 honeste
668 1556 716 1603 aut
730 1546 851 1604 victores
866 1545 956 1602 hodie
967 1545 1042 1601 vive-

99 1663 205 1703 remus.
248 1643 307 1701 Hic
321 1643 392 1700 mihi
406 1644 558 1718 ignosces:
580 1662 628 1727 me
642 1646 720 1702 enim
734 1645 830 1719 ipsum
844 1645 935 1701 multo
950 1645 1042 1718 magis

101 1759 217 1812 accuso,
230 1741 334 1800 deinde
348 1751 376 1798 te
392 1743 474 1817 quasi
488 1760 536 1800 me
551 1728 686 1814 allerum3
701 1754 729 1800 et
744 1743 829 1800 simul
843 1761 925 1800 meae
941 1742 1042 1817 culpae

102 1842 214 1900 socium
228 1857 346 1915 quaem,
361 1857 396 1897 ac
412 1839 435 1897 si
449 1841 591 1909 restituor,
607 1841 694 1897 etiam
708 1841 805 1897 minus
821 1840 978 1897 videbimur
992 1839 1042 1896 de-

101 1939 227 2014 liquisse,
243 1940 296 1996 abs
310 1936 496 2013 tequecerte,
511 1939 650 2013 quoniam
669 1939 750 1996 nullo
765 1951 873 2008 nostr0,
888 1948 939 1996 tuo
953 1939 1042 2013 ipsius

102 2036 245 2112 beneficio
260 2036 442 2115 diligemur.
440 2054 446 2099 l
464 2049 490 2108 5.
506 2035 621 2107 Quodt
622 2055 638 2094 e
654 2055 720 2095 cum
736 2036 877 2095 Culleone
892 2037 991 2093 scribis
1006 2038 1048 2113 de

101 2143 121 2212 p
137 2118 261 2210 vssegio
267 2111 464 2205 locutumt
422 2146 464 2191 est
479 2134 596 2208 aliquid,
613 2135 664 2193 sed
679 2135 769 2192 multo
784 2144 828 2191 est
842 2135 944 2191 melius
959 2135 1043 2191 abro-

101 2234 182 2309 gari:
204 2233 228 2290 si
249 2233 328 2290 enim
347 2250 435 2290 nemo
457 2233 605 2307 impediet,
619 2233 690 2307 quid
711 2243 755 2290 est
773 2233 902 2290 firmius?
924 2233 973 2344 sin
983 2234 1043 2303 erit,

102 2331 152 2408 qui
180 2329 246 2411 ferri
274 2347 335 2386 non
363 2330 447 2400 sinat,
476 2330 554 2386 idem
575 2340 692 2388 senatus
718 2330 886 2387 consulto
878 2300 1043 2389 intercedet.

102 2428 169 2487 Nec
190 2429 347 2503 quicquam
368 2427 445 2485 aliud
466 2445 541 2502 opus
562 2437 606 2485 est
627 2423 790 2502 abrogari:
810 2446 879 2485 nam
900 2429 978 2519 prior
998 2429 1044 2486 lex

102 2545 159 2585 nos
180 2525 251 2583 nihil
269 2525 417 2595 laedebat;
439 2543 528 2600 quam
549 2525 581 2594 si,
601 2535 632 2582 ut
653 2536 696 2583 est
717 2504 907 2602 promulgata,
928 2500 1044 2583 laudare

103 2624 295 2681 voluissemus
316 2631 374 2693 aut,
395 2632 427 2679 ut
454 2629 526 2679 erat
542 2623 733 2698 neglegenda,
755 2623 917 2698 neglegere,
939 2639 1044 2679 nocere

104 2721 226 2780 omnino
247 2719 332 2776 nobis
353 2737 414 2776 non
435 2721 582 2794 potuisset.
626 2720 685 2778 Hic
705 2721 776 2778 mihi
797 2722 922 2796 primum
947 2738 1045 2778 meum

104 2817 257 2878 consilium
272 2817 370 2887 deluit,
386 2816 437 2874 sed
452 2819 539 2874 etiam
558 2817 657 2876 obfuit.
702 2817 798 2888 Caeci,
814 2819 901 2888 caeci,
915 2819 1044 2893 inquam,

103 2916 211 2973 fuimus
226 2915 256 2972 in
270 2916 373 2972 vestitu
387 2915 537 2984 mutand0,
552 2916 582 2972 in
601 2915 711 2990 populo
725 2916 866 2991 rogando
882 2915 971 2990 quod,
990 2914 1045 2972 nisi

105 3014 277 3075 nominatim
302 3031 418 3075 mecum
440 3013 487 3088 agi
509 3024 647 3090 coeptum
668 3024 752 3083 esset,
769 3015 830 3072 fieri
850 3011 1046 3090 perniciosum

104 3112 166 3170 fuit.
209 3111 267 3168 Sed
288 3113 568 3187 pergo..praeterita;
589 3131 689 3171 verum
703 3123 801 3170 tamen
822 3115 862 3171 ob
881 3113 956 3171 hanc
977 3131 1045 3169 cau-

104 3230 176 3280 sam,
198 3220 236 3280 ut,
261 3210 285 3266 si
308 3209 378 3286 quid
402 3220 512 3284 agetur,
536 3210 631 3285 legem
654 3211 740 3280 illam,
762 3212 792 3268 in
814 3229 872 3286 qua
896 3209 1046 3286 popularia

104 3309 195 3366 multa
209 3317 283 3384 sunt,
300 3326 337 3365 ne
351 3309 485 3383 tangatis.
528 3311 553 3366 6.
577 3309 688 3366 Verum
702 3319 746 3367 est
765 3311 882 3367 stultum
903 3327 950 3365 me
965 3327 1046 3383 prae·

107 3407 210 3482 cipere,
225 3406 295 3482 quid
310 3407 402 3482 agatis
424 3416 473 3465 aut
488 3424 546 3483 quo
569 3406 673 3465 modo:
702 3408 812 3464 utinam
834 3407 924 3464 modo
946 3418 1047 3482 agatur
