2348 3788
122 186 183 267 184
397 201 434 249 ru.
458 201 577 247 ronan
599 198 785 249 creanorvrs
937 178 1053 274 [pann.

161 370 185 425 3.
210 349 278 422 Qua
290 369 329 420 re,
345 349 368 408 si
383 351 447 425 quis
462 368 635 425 congressus
650 349 732 409 luerit
750 349 821 407 mihi
841 368 909 408 curn
924 349 1054 417 Caesare,

119 451 171 506 etsi
193 467 253 506 non
275 448 382 514 dubit0,
399 448 468 524 quin
489 449 514 506 is
535 449 607 506 lenis
628 449 658 504 in
679 449 758 505 illurn
780 447 891 505 futurus
914 448 950 505 sit
971 447 1055 522 idque

118 548 175 611 iarn
195 546 386 615 declaraverit,
402 563 458 620 ego
477 555 574 603 tamen
589 546 614 607 is
632 563 690 615 erc,
705 545 754 620 qui
769 563 884 621 semper
898 544 948 605 fui.
993 544 1054 614 Sed,

117 654 151 700 ut
169 643 262 713 video,
282 642 373 699 multo
394 644 487 718 magis
510 654 554 701 est
574 644 658 701 nobis
678 643 870 701 laborandum
892 643 930 701 de
952 643 1055 713 Africa,

117 759 203 816 quam
219 740 335 816 quidem
350 751 382 797 tu
395 741 495 799 scribis
510 741 672 800 confirmari
684 742 813 818 quotidie
827 741 923 815 magis
937 741 976 803 ad
992 760 1055 806 eon-

116 827 237 900 dicionis
259 831 342 912 spem
364 856 452 913 quam
472 838 614 897 victoriae.
660 838 751 908 Quod
772 839 882 900 utinam
904 840 944 898 ita
966 842 1054 897 esset!

116 936 167 1001 sed
181 935 267 1010 longe
283 935 362 992 aliter
376 954 438 993 esse
459 935 603 1011 intellego
619 947 704 1012 teque
720 937 816 1011 ipsum
832 918 874 999 ¹ita
893 937 1056 996 existimare

116 1033 243 1102 arbitror,
265 1033 345 1096 aliter
367 1043 463 1090 autern
486 1033 619 1104 scribere,
641 1051 702 1092 non
727 1033 852 1104 fallendi,
875 1034 929 1093 sed
952 1035 1054 1097 confit·

115 1131 213 1190 mandi
228 1131 285 1188 mei
300 1149 396 1202 causa,
411 1132 580 1207 praesertim
599 1150 666 1191 cum
684 1133 856 1207 adiungatur
875 1131 913 1195 ad
927 1132 1056 1194 Africam

115 1228 201 1284 etiarn
223 1227 375 1304 Hispania.
418 1247 444 1298 4.
468 1228 557 1300 Quod
578 1248 626 1293 me
647 1229 797 1300 admones
820 1239 852 1287 ut
873 1230 1000 1292 scribam
1022 1233 1056 1292 ad

115 1314 275 1383 Antonium
295 1337 323 1388 et
341 1326 379 1384 ad
396 1337 516 1396 ceteros,
532 1327 556 1384 si
571 1327 640 1403 quid
654 1327 794 1386 videbitur
815 1328 875 1389 tibi·
887 1345 964 1403 opus
986 1347 1056 1398 esse,

115 1425 200 1483 velim
217 1424 305 1483 facias
325 1425 362 1494 id,
378 1425 458 1500 quod
477 1442 563 1503 saepe
578 1425 684 1497 fecisti3
709 1426 778 1487 nihil
800 1426 876 1487 enirn
895 1427 967 1488 mihi
982 1429 1057 1486 venit

115 1525 145 1580 in
159 1535 296 1592 mentem,
321 1522 401 1606 quod
425 1523 608 1582 scribendum
634 1534 740 1599 putem.
784 1521 874 1593 Quod
898 1541 947 1583 me
976 1526 1056 1586 audis

28 1674 30 1678 Α
95 1677 97 1681 ,
117 1620 285 1680 erectiorem
303 1636 367 1676 esse
386 1617 493 1688 anim0‚
509 1619 578 1693 quid
593 1631 684 1694 putas
701 1638 767 1679 cum
782 1621 880 1677 videas
899 1624 1057 1680 accessisse

116 1719 153 1776 ad
181 1717 341 1798 superiores
370 1717 563 1792 aegritudines
591 1720 753 1794 praeclaras
780 1720 879 1801 generi
907 1723 1058 1781 actiones?

117 1815 165 1873 Tu
183 1825 279 1876 tamen
293 1815 379 1873 velim
399 1833 436 1877 ne
455 1815 633 1888 intermittas,
649 1819 729 1893 quod
746 1819 806 1880 eius
825 1817 920 1877 facere
940 1822 1058 1894 poteris,

117 1914 239 1974 scribere
254 1913 292 1972 ad
306 1931 362 1984 me,
374 1913 460 1971 etiarn
475 1913 499 1973 si
513 1933 582 1982 rem,
595 1916 631 1973 de
647 1933 704 1990 qua
719 1916 836 1986 scribas,
847 1933 908 1975 non
919 1915 1057 1987 habebis;

117 2032 231 2089 semper
245 2013 476 2078 enim‘adferunt
493 2014 600 2089 aliquid
619 2015 769 2080 mihituae
789 2015 906 2074 litterae.
950 2014 1059 2080 Galeo-

116 2112 161 2169 nis
182 2111 368 2172 hereditatem
390 2113 483 2191 crevi3
515 2123 587 2190 puto
611 2115 688 2174 enim
713 2115 872 2178 cretionem
896 2114 1059 2193 simplicem

117 2208 213 2279 luisse,
243 2210 382 2284 quoniam
415 2209 453 2268 ad
483 2229 531 2271 me
564 2211 643 2269 nulla
673 2212 763 2270 missa
790 2222 842 2270 est.
894 2228 956 2270 vru.
989 2214 1060 2272 Idus

117 2304 245 2367 Martias

296 2465 347 2544 83.Ι
386 2465 444 2522 AD
464 2462 718 2523 FAMILIARES
739 2463 804 2522 XV.
830 2478 875 2539 15.

380 2577 445 2637 Scn.
461 2579 613 2637 Bnunnrsu
634 2596 717 2636 aue.
734 2591 802 2653 707.

399 2701 430 2743 ar.
446 2702 548 2744 cicaro
562 2702 583 2742 s.
596 2703 624 2762 n.
636 2703 659 2744 c.
673 2702 775 2744 cnssro.

161 2814 184 2857 1.
206 2797 411 2876 Er51uterque
425 2810 557 2860 nostrum
577 2818 629 2875 spe
648 2799 729 2874 pacis
748 2809 776 2859 et
795 2799 864 2858 odio
884 2800 972 2863 civilis
993 2821 1060 2862 san·

119 2891 212 2969 guinis
237 2894 339 2951 abesse
363 2913 381 2952 a
405 2895 471 2953 belli
495 2894 652 2970 pertinacia
673 2893 770 2962 voluit,
792 2903 897 2964 tamen,
920 2898 1060 2969 quoniam

119 2991 180 3062 eius
195 2990 305 3047 consilii
323 2992 457 3067 princeps
475 3009 532 3066 ego
551 2991 639 3052 fuisse
659 2991 767 3060 videor,
781 2991 846 3066 plus
867 2990 988 3053 fortasse
1009 2998 1061 3055 tibi

119 3097 264 3167 praestare
280 3088 343 3163 ipse
358 3089 451 3147 debeo
467 3106 553 3165 quarn
569 3107 586 3146 a
600 3098 628 3146 te
643 3098 826 3164 exspectare:
850 3090 910 3160 etsi,
925 3104 956 3149 ut
972 3111 1060 3171 saepe

121 3187 199 3263 soleo
220 3204 335 3246 mecum
357 3187 509 3256 recordari,
525 3203 621 3244 sermo
643 3185 788 3246 familiaris
809 3205 892 3245 meus
914 3198 1061 3252 tecumet

120 3286 188 3343 item
207 3301 322 3343 mecum
341 3295 407 3342 tuus
426 3285 545 3344 adduxit
564 3296 717 3360 utrumque
735 3296 865 3343 nostrum
885 3288 971 3346 adid
990 3308 1060 3349 con-

121 3383 224 3453 silium,
237 3393 268 3440 ut
287 3400 347 3440 uno
368 3382 479 3459 proelio
500 3392 675 3460 putaremus,
692 3385 715 3442 si
736 3403 796 3442 non
819 3394 909 3442 totam
931 3404 1058 3456 causam,
