2356 3810
116 226 158 291 34
385 221 423 273 rr.
449 222 567 270 rurrrr
586 223 772 271 crcanorrrs
954 207 1025 290 [Pars
1036 222 1054 269 1.

115 388 220 448 rentur,
242 378 271 436 in
293 397 328 437 eo
354 378 513 455 principem
535 379 656 437 Paulum
676 379 772 447 fuisse,
795 396 882 455 quern
904 379 1056 436 constabat

116 493 152 533 eo
166 486 295 552 tempore
308 478 339 533 in
353 475 527 534 Macedonia
541 477 637 536 fuisse.
678 477 725 535 Fit
744 487 861 534 senatus
881 476 1055 544 consultum,

116 584 148 631 ut
167 573 288 644 Vettius,
311 575 391 649 quod
412 574 563 633 confessus
585 584 661 632 esset
683 591 714 631 se
735 571 802 630 curn
823 573 880 631 telo
904 572 1003 644 fuisse,
1027 573 1056 630 in

116 670 231 728 vincula
249 671 452 743 coniiceretur;
474 673 522 746 qui
537 690 604 730 eum
619 672 770 741 emisisset,
788 689 855 728 eum
874 680 978 727 contra
997 688 1057 728 rem

117 769 262 845 publicam
286 787 350 826 esse
371 769 522 827 facturum.
565 769 626 827 Res
651 779 710 827 erat
734 769 764 825 in
793 786 828 825 ea
854 767 1003 843 opinione,
1027 779 1058 824 ut

117 877 251 943 putarent
269 867 299 923 id
315 885 379 924 esse
396 878 502 936 actum,
522 879 553 924 ut
567 866 681 925 Vettius
703 867 733 923 in
754 866 819 924 soro
841 884 908 923 curn
930 866 1058 941 pugione

118 966 237 1022 etitem
259 964 331 1021 servi
353 964 412 1021 eius
437 965 750 1039 comprehenderentur
771 981 839 1022 cum
860 963 933 1032 telis,
955 963 1058 1020 deinde

118 1063 165 1120 ille
190 1080 221 1119 se
244 1062 351 1119 diceret
374 1062 573 1151 indicaturum,
599 1057 685 1137 idque
707 1062 747 1118 ita
768 1060 876 1118 facturn
896 1069 983 1129 esset,
1005 1061 1058 1117 nisi

120 1159 261 1218 Curiones
291 1177 352 1216 rem
382 1170 448 1218 ante
482 1160 521 1217 ad
554 1159 728 1235 Pompeium
758 1158 935 1216 detulissent.
979 1157 1058 1215 Tum

120 1267 235 1316 senatus
256 1257 420 1315 consultum
448 1259 478 1315 in
502 1259 637 1320 contione
665 1258 815 1334 recitatum
842 1266 893 1315 est.
936 1256 1058 1314 Postero

120 1365 216 1412 autern
240 1356 285 1413 die
311 1354 428 1424 Caesar,
451 1355 483 1426 is,
508 1356 556 1431 qui
582 1355 660 1426 olim,
685 1365 800 1430 praetor
824 1372 891 1411 cum
915 1364 1002 1423 esset,
1022 1352 1059 1423 Q.

93 1471 96 1477 ·
121 1451 256 1510 Catulum
283 1471 320 1510 ex
348 1452 480 1510 inferiore
508 1452 575 1510 loco
599 1453 720 1510 iusserat
748 1452 853 1521 dicere,
875 1450 1007 1509 Vettium
1031 1451 1059 1507 in

120 1560 212 1607 rostra
227 1549 362 1623 produxit
379 1568 503 1624 eumque
520 1549 550 1606 in
570 1567 606 1607 eo
624 1551 690 1607 loco
708 1559 794 1607 const
783 1549 856 1606 tituit
845 1559 940 1624 t,quo
955 1548 1059 1606 Bibulo

121 1646 232 1704 consuli
249 1647 374 1721 aspirare
394 1665 454 1704 non
469 1647 589 1749 liceret.
616 1647 674 1704 Hic
690 1647 735 1704 ille
738 1647 858 1725 omnia,
873 1665 948 1723 quae
963 1647 1059 1716 voluit,

122 1747 158 1805 de
185 1765 216 1804 re
244 1746 359 1822 publica
387 1747 465 1815 dixit
497 1751 529 1803 ut
558 1745 606 1821 qui
636 1745 745 1803 illucf
731 1730 863 1803 sacius
856 1763 901 1803 1ns
902 1728 1060 1821 titutusque

121 1843 251 1902 venisset
293 1842 421 1901 Primum
442 1842 620 1918 Caepionem
642 1844 678 1901 de
699 1844 830 1901 oratione
860 1861 911 1901 sua
939 1843 1060 1911 sustulit,

122 1961 210 2020 quem
222 1942 252 1999 in
267 1951 367 2000 senatu
381 1942 518 2023 acerrime
532 1943 704 2011 nominarat,
724 1953 756 1999 ut
773 1951 924 2016 appareret
944 1952 1061 1998 noctem

122 2053 151 2101 et
171 2051 342 2099 nocturnam
364 2040 596 2116 deprecationem
617 2040 829 2111 intercessisse;
851 2039 966 2109 deinde,
987 2057 1062 2114 quos

122 2142 152 2198 in
174 2148 275 2197 senatu
293 2156 330 2195 ne
348 2138 516 2196 tenuissima
534 2136 651 2211 quidem
671 2137 831 2212 suspitione
849 2137 990 2211 attigerat,
1012 2154 1062 2194 eos

123 2235 297 2295 nominavit:
326 2235 486 2306 Lucullum,
511 2255 528 2294 a
552 2254 610 2312 quo
635 2237 701 2294 solit
690 2246 752 2294 tum
779 2255 843 2294 esse
867 2236 904 2315 ad
930 2255 960 2295 se
990 2237 1063 2294 mitti

123 2333 158 2393 C.
179 2333 329 2403 Fannium,
351 2334 439 2403 illurn,
460 2335 509 2409 qui
530 2333 612 2393 inP.
634 2332 771 2391 Clodium
792 2300 1007 2416 subscripserat,
1029 2334 1061 2391 Ι.

123 2431 293 2500 Domitium,
308 2431 389 2488 cuius
404 2431 524 2489 domum
540 2433 727 2490 constitutam
746 2432 842 2502 luisse,
856 2433 935 2490 unde
950 2434 1063 2507 eruptio

124 2530 221 2600 fieret;
244 2547 291 2586 me
306 2545 367 2585 non
381 2529 547 2597 nominavit,
559 2529 610 2586 sed
627 2529 697 2603 dixit
717 2530 899 2588 consularem
916 2530 1063 2600 disertum,

124 2627 248 2684 vicinum
266 2624 400 2695 consulis,
424 2627 478 2683 sibi
503 2626 608 2684 dixisse
626 2626 749 2684 Ahalam
772 2626 922 2684 Servilium
939 2627 1065 2703 aliquem

126 2735 175 2782 aut
197 2722 318 2780 Brutum
340 2740 415 2798 opus
440 2741 503 2780 esse
531 2724 663 2798 reperiri;
697 2724 806 2782 addidit
829 2723 866 2780 ad
893 2733 1065 2795 extremum,

126 2839 193 2880 cum
211 2820 267 2877 iarn
285 2820 402 2878 dimissa
420 2821 556 2879 contione
575 2829 724 2878 revocatus
743 2820 839 2878 aVat
822 2822 892 2877 tmio
909 2821 1019 2892 fuisset,
1035 2839 1066 2880 se

126 2919 240 2978 audisse
259 2936 277 2974 a
296 2917 422 2976 Curione
442 2917 486 2975 his
505 2917 541 2975 de
562 2919 647 2975 rebus
669 2918 819 2975 conscium
840 2937 904 2975 esse
919 2917 1065 3007 Pisonem,

126 3034 265 3094 generum
286 3033 393 3084 meum,
414 3025 443 3072 et
432 3014 504 3074 t.M
527 3015 581 3072 Lat
571 3024 722 3072 t.erensem
766 3035 792 3086 4.
816 3015 903 3072 Nunc
920 3034 988 3073 reus
1007 3014 1067 3074 erat

126 3113 205 3190 apud
220 3112 357 3170 Crassum
376 3111 501 3170 Divitem
516 3111 629 3169 Vettius
651 3113 728 3170 de
704 3131 730 3169 vr
748 3123 785 3172 et
805 3130 871 3170 cum
887 3123 964 3170 esset
985 3113 1066 3171 dam·

125 3217 218 3276 natus
243 3216 304 3263 erat
331 3206 467 3263 indicium
491 3205 686 3281 postulaturus
697 3224 705 3277 ;
729 3206 808 3281 quod
832 3206 855 3263 si
877 3206 1066 3281 impetrasset,

125 3306 231 3364 iudicia
257 3304 319 3362 fore
346 3304 532 3362 videbantur:
563 3322 599 3361 ea
623 3321 686 3372 nos,
708 3312 808 3378 utpote
831 3304 880 3379 qui
904 3303 973 3360 nihil
996 3321 1066 3362 con·

124 3413 252 3462 temnere
271 3402 423 3474 soleamus
442 3421 495 3460 non
516 3400 750 3474 contemnebamus,
770 3403 817 3458 red
836 3419 896 3460 non
916 3401 1067 3477 pertimes-
