<?xml version="1.0" encoding="UTF-8"?>
<!DOCTYPE html PUBLIC "-//W3C//DTD XHTML 1.0 Transitional//EN"
    "http://www.w3.org/TR/xhtml1/DTD/xhtml1-transitional.dtd">
<html xmlns="http://www.w3.org/1999/xhtml" xml:lang="en" lang="en">
 <head>
  <title>
</title>
<meta http-equiv="Content-Type" content="text/html;charset=utf-8" />
  <meta name='ocr-system' content='tesseract 3.04.00' />
  <meta name='ocr-capabilities' content='ocr_page ocr_carea ocr_par ocr_line ocrx_word'/>
</head>
<body>
  <div class='ocr_page' id='page_1' title='image "./epistolaeselect01cicegoog/epistolaeselect01cicegoog_0197.png"; bbox 0 0 2348 3788; ppageno 0'>
   <div class='ocr_carea' id='block_1_1' title="bbox 114 205 1053 292">
    <p class='ocr_par' dir='ltr' id='par_1_1' title="bbox 114 205 1053 292">
     <span class='ocr_line' id='line_1_1' title="bbox 114 205 1053 292; baseline 0.004 -24"><span class='ocrx_word' id='word_1_1' title='bbox 114 220 210 283; x_wconf 62' lang='lat' dir='ltr'>raso,</span> <span class='ocrx_word' id='word_1_2' title='bbox 226 205 280 291; x_wconf 69' lang='lat' dir='ltr'>an]</span> <span class='ocrx_word' id='word_1_3' title='bbox 337 219 461 274; x_wconf 70' lang='lat' dir='ltr'>aaran</span> <span class='ocrx_word' id='word_1_4' title='bbox 475 220 524 269; x_wconf 70' lang='lat' dir='ltr'>ro</span> <span class='ocrx_word' id='word_1_5' title='bbox 545 220 710 271; x_wconf 74' lang='lat' dir='ltr'><strong><em>ATTJGUM</em></strong></span> <span class='ocrx_word' id='word_1_6' title='bbox 729 223 779 272; x_wconf 82' lang='lat' dir='ltr'>xr.</span> <span class='ocrx_word' id='word_1_7' title='bbox 802 229 833 292; x_wconf 89' lang='lat'>9.</span> <span class='ocrx_word' id='word_1_8' title='bbox 996 209 1053 272; x_wconf 89' lang='lat'>181</span> 
     </span>
    </p>
   </div>
   <div class='ocr_carea' id='block_1_2' title="bbox 113 367 1060 1322">
    <p class='ocr_par' dir='ltr' id='par_1_2' title="bbox 113 367 1060 1322">
     <span class='ocr_line' id='line_1_2' title="bbox 113 367 1056 447; baseline 0.004 -21"><span class='ocrx_word' id='word_1_9' title='bbox 113 370 202 427; x_wconf 87' lang='lat' dir='ltr'>derat.</span> <span class='ocrx_word' id='word_1_10' title='bbox 246 367 376 428; x_wconf 89' lang='lat' dir='ltr'>Omnino</span> <span class='ocrx_word' id='word_1_11' title='bbox 397 369 469 429; x_wconf 90' lang='lat' dir='ltr'>haec</span> <span class='ocrx_word' id='word_1_12' title='bbox 491 369 596 429; x_wconf 92' lang='lat' dir='ltr'>eodem</span> <span class='ocrx_word' id='word_1_13' title='bbox 622 371 712 430; x_wconf 92' lang='lat' dir='ltr'>modo</span> <span class='ocrx_word' id='word_1_14' title='bbox 738 391 774 430; x_wconf 84' lang='lat' dir='ltr'>ex</span> <span class='ocrx_word' id='word_1_15' title='bbox 795 371 851 430; x_wconf 90' lang='lat' dir='ltr'>hac</span> <span class='ocrx_word' id='word_1_16' title='bbox 871 381 952 447; x_wconf 89' lang='lat' dir='ltr'>parte</span> <span class='ocrx_word' id='word_1_17' title='bbox 977 371 1056 442; x_wconf 87' lang='lat' dir='ltr'>fiunt,</span> 
     </span>
     <span class='ocr_line' id='line_1_3' title="bbox 113 467 1058 545; baseline 0.003 -22"><span class='ocrx_word' id='word_1_18' title='bbox 113 468 169 524; x_wconf 86' lang='lat' dir='ltr'>nisi</span> <span class='ocrx_word' id='word_1_19' title='bbox 183 468 264 542; x_wconf 91' lang='lat' dir='ltr'>quod</span> <span class='ocrx_word' id='word_1_20' title='bbox 281 467 350 525; x_wconf 94' lang='lat' dir='ltr'>illud</span> <span class='ocrx_word' id='word_1_21' title='bbox 368 479 429 526; x_wconf 87' lang='lat' dir='ltr'>erat</span> <span class='ocrx_word' id='word_1_22' title='bbox 447 467 608 541; x_wconf 66' lang='lat' dir='ltr'>infinitum</span> <span class='ocrx_word' id='word_1_23' title='bbox 630 486 734 529; x_wconf 90' lang='lat' dir='ltr'>omnes</span> <span class='ocrx_word' id='word_1_24' title='bbox 755 470 843 540; x_wconf 88' lang='lat' dir='ltr'>enim,</span> <span class='ocrx_word' id='word_1_25' title='bbox 862 471 912 545; x_wconf 93' lang='lat' dir='ltr'>qui</span> <span class='ocrx_word' id='word_1_26' title='bbox 930 470 961 527; x_wconf 89' lang='lat' dir='ltr'>in</span> <span class='ocrx_word' id='word_1_27' title='bbox 976 469 1058 526; x_wconf 89' lang='lat' dir='ltr'>ltalia</span> 
     </span>
     <span class='ocr_line' id='line_1_4' title="bbox 113 564 1058 634; baseline 0.002 -12"><span class='ocrx_word' id='word_1_28' title='bbox 113 574 287 634; x_wconf 84' lang='lat' dir='ltr'>manserant,</span> <span class='ocrx_word' id='word_1_29' title='bbox 302 564 430 623; x_wconf 89' lang='lat' dir='ltr'>hostium</span> <span class='ocrx_word' id='word_1_30' title='bbox 445 583 566 624; x_wconf 92' lang='lat' dir='ltr'>numero</span> <span class='ocrx_word' id='word_1_31' title='bbox 581 566 770 625; x_wconf 85' lang='lat' dir='ltr'><strong>habebantur.</strong></span> <span class='ocrx_word' id='word_1_32' title='bbox 814 566 873 625; x_wconf 87' lang='lat' dir='ltr'>Sed</span> <span class='ocrx_word' id='word_1_33' title='bbox 887 565 972 625; x_wconf 91' lang='lat' dir='ltr'>velim</span> <span class='ocrx_word' id='word_1_34' title='bbox 986 566 1058 624; x_wconf 87' lang='lat' dir='ltr'>haec</span> 
     </span>
     <span class='ocr_line' id='line_1_5' title="bbox 114 661 1058 738; baseline -0.001 -18"><span class='ocrx_word' id='word_1_35' title='bbox 114 661 269 737; x_wconf 86' lang='lat' dir='ltr'>aliquando</span> <span class='ocrx_word' id='word_1_36' title='bbox 293 663 429 721; x_wconf 89' lang='lat' dir='ltr'>solutiore</span> <span class='ocrx_word' id='word_1_37' title='bbox 454 664 559 722; x_wconf 81' lang='lat' dir='ltr'>animo</span> <span class='ocrx_word' id='word_1_38' title='bbox 604 676 630 738; x_wconf 73' lang='lat'>7.</span> <span class='ocrx_word' id='word_1_39' title='bbox 654 662 797 735; x_wconf 86' lang='lat' dir='ltr'>Quintum</span> <span class='ocrx_word' id='word_1_40' title='bbox 825 663 943 721; x_wconf 85' lang='lat' dir='ltr'>fratrem</span> <span class='ocrx_word' id='word_1_41' title='bbox 970 663 1058 720; x_wconf 87' lang='lat' dir='ltr'>audio</span> 
     </span>
     <span class='ocr_line' id='line_1_6' title="bbox 114 759 1057 837; baseline 0.003 -21"><span class='ocrx_word' id='word_1_42' title='bbox 114 759 278 835; x_wconf 86' lang='lat' dir='ltr'>profectum</span> <span class='ocrx_word' id='word_1_43' title='bbox 291 760 321 817; x_wconf 90' lang='lat' dir='ltr'>in</span> <span class='ocrx_word' id='word_1_44' title='bbox 337 760 446 831; x_wconf 85' lang='lat' dir='ltr'>Asiam,</span> <span class='ocrx_word' id='word_1_45' title='bbox 461 771 493 818; x_wconf 90' lang='lat' dir='ltr'>ut</span> <span class='ocrx_word' id='word_1_46' title='bbox 508 761 726 837; x_wconf 87' lang='lat' dir='ltr'>deprecaretur;</span> <span class='ocrx_word' id='word_1_47' title='bbox 749 761 786 820; x_wconf 87' lang='lat' dir='ltr'>de</span> <span class='ocrx_word' id='word_1_48' title='bbox 797 762 854 820; x_wconf 86' lang='lat' dir='ltr'>filio</span> <span class='ocrx_word' id='word_1_49' title='bbox 869 761 939 819; x_wconf 92' lang='lat' dir='ltr'><strong>nihil</strong></span> <span class='ocrx_word' id='word_1_50' title='bbox 953 761 1057 819; x_wconf 89' lang='lat' dir='ltr'>audivi.</span> 
     </span>
     <span class='ocr_line' id='line_1_7' title="bbox 116 855 1057 934; baseline 0 -21"><span class='ocrx_word' id='word_1_51' title='bbox 116 855 175 913; x_wconf 85' lang='lat' dir='ltr'>Sed</span> <span class='ocrx_word' id='word_1_52' title='bbox 190 874 295 931; x_wconf 88' lang='lat' dir='ltr'>quaere</span> <span class='ocrx_word' id='word_1_53' title='bbox 313 875 349 914; x_wconf 84' lang='lat' dir='ltr'>ex</span> <span class='ocrx_word' id='word_1_54' title='bbox 364 857 517 928; x_wconf 88' lang='lat' dir='ltr'>Diochare,</span> <span class='ocrx_word' id='word_1_55' title='bbox 533 857 664 917; x_wconf 86' lang='lat' dir='ltr'>Caesaris</span> <span class='ocrx_word' id='word_1_56' title='bbox 684 858 795 929; x_wconf 88' lang='lat' dir='ltr'>libert0,</span> <span class='ocrx_word' id='word_1_57' title='bbox 810 877 899 934; x_wconf 90' lang='lat' dir='ltr'>quem</span> <span class='ocrx_word' id='word_1_58' title='bbox 918 875 975 934; x_wconf 86' lang='lat' dir='ltr'>ego</span> <span class='ocrx_word' id='word_1_59' title='bbox 997 875 1057 914; x_wconf 89' lang='lat' dir='ltr'>non</span> 
     </span>
     <span class='ocr_line' id='line_1_8' title="bbox 115 955 1060 1029; baseline 0.002 -19"><span class='ocrx_word' id='word_1_60' title='bbox 115 955 182 1024; x_wconf 89' lang='lat' dir='ltr'>vidi,</span> <span class='ocrx_word' id='word_1_61' title='bbox 211 955 260 1029; x_wconf 92' lang='lat' dir='ltr'>qui</span> <span class='ocrx_word' id='word_1_62' title='bbox 289 955 357 1012; x_wconf 88' lang='lat' dir='ltr'>istas</span> <span class='ocrx_word' id='word_1_63' title='bbox 386 955 584 1013; x_wconf 82' lang='lat' dir='ltr'>Alexandreas</span> <span class='ocrx_word' id='word_1_64' title='bbox 611 956 718 1014; x_wconf 84' lang='lat' dir='ltr'>litteras</span> <span class='ocrx_word' id='word_1_65' title='bbox 750 956 849 1014; x_wconf 88' lang='lat' dir='ltr'>attulit.</span> <span class='ocrx_word' id='word_1_66' title='bbox 894 955 924 1013; x_wconf 91' lang='lat' dir='ltr'>Is</span> <span class='ocrx_word' id='word_1_67' title='bbox 957 956 1060 1013; x_wconf 89' lang='lat' dir='ltr'>dicitur</span> 
     </span>
     <span class='ocr_line' id='line_1_9' title="bbox 115 1048 1059 1131; baseline 0.003 -25"><span class='ocrx_word' id='word_1_68' title='bbox 115 1052 220 1128; x_wconf 85' lang='lat' dir='ltr'>vidisse</span> <span class='ocrx_word' id='word_1_69' title='bbox 237 1048 300 1131; x_wconf 88' lang='lat' dir='ltr'>[an]</span> <span class='ocrx_word' id='word_1_70' title='bbox 317 1060 442 1122; x_wconf 87' lang='lat' dir='ltr'>euntem,</span> <span class='ocrx_word' id='word_1_71' title='bbox 457 1070 495 1108; x_wconf 90' lang='lat' dir='ltr'>an</span> <span class='ocrx_word' id='word_1_72' title='bbox 509 1053 567 1110; x_wconf 89' lang='lat' dir='ltr'>iam</span> <span class='ocrx_word' id='word_1_73' title='bbox 581 1053 612 1110; x_wconf 89' lang='lat' dir='ltr'>in</span> <span class='ocrx_word' id='word_1_74' title='bbox 626 1053 705 1110; x_wconf 85' lang='lat' dir='ltr'>Asia.</span> <span class='ocrx_word' id='word_1_75' title='bbox 746 1052 828 1111; x_wconf 90' lang='lat' dir='ltr'>Tuas</span> <span class='ocrx_word' id='word_1_76' title='bbox 842 1052 957 1124; x_wconf 84' lang='lat' dir='ltr'>litteras,</span> <span class='ocrx_word' id='word_1_77' title='bbox 972 1061 1059 1127; x_wconf 90' lang='lat' dir='ltr'>prout</span> 
     </span>
     <span class='ocr_line' id='line_1_10' title="bbox 115 1150 1059 1226; baseline -0.001 -20"><span class='ocrx_word' id='word_1_78' title='bbox 115 1167 162 1207; x_wconf 89' lang='lat' dir='ltr'>res</span> <span class='ocrx_word' id='word_1_79' title='bbox 179 1150 314 1224; x_wconf 88' lang='lat' dir='ltr'>postulat,</span> <span class='ocrx_word' id='word_1_80' title='bbox 336 1158 491 1225; x_wconf 80' lang='lat' dir='ltr'>exspect03</span> <span class='ocrx_word' id='word_1_81' title='bbox 513 1167 586 1224; x_wconf 90' lang='lat' dir='ltr'>quas</span> <span class='ocrx_word' id='word_1_82' title='bbox 607 1150 693 1207; x_wconf 89' lang='lat' dir='ltr'>velim</span> <span class='ocrx_word' id='word_1_83' title='bbox 718 1167 802 1207; x_wconf 90' lang='lat' dir='ltr'>cures</span> <span class='ocrx_word' id='word_1_84' title='bbox 823 1166 912 1226; x_wconf 88' lang='lat' dir='ltr'>quam</span> <span class='ocrx_word' id='word_1_85' title='bbox 934 1150 1059 1226; x_wconf 86' lang='lat' dir='ltr'>primum</span> 
     </span>
     <span class='ocr_line' id='line_1_11' title="bbox 116 1245 742 1322; baseline -0.002 -17"><span class='ocrx_word' id='word_1_86' title='bbox 116 1247 156 1305; x_wconf 86' lang='lat' dir='ltr'>ad</span> <span class='ocrx_word' id='word_1_87' title='bbox 169 1265 217 1305; x_wconf 88' lang='lat' dir='ltr'>me</span> <span class='ocrx_word' id='word_1_88' title='bbox 231 1246 424 1322; x_wconf 86' lang='lat' dir='ltr'>perferendas.</span> <span class='ocrx_word' id='word_1_89' title='bbox 467 1264 518 1305; x_wconf 88' lang='lat'>1111.</span> <span class='ocrx_word' id='word_1_90' title='bbox 534 1245 572 1305; x_wconf 90' lang='lat' dir='ltr'>K.</span> <span class='ocrx_word' id='word_1_91' title='bbox 588 1245 742 1304; x_wconf 90' lang='lat' dir='ltr'>Decembr.</span> 
     </span>
    </p>
   </div>
   <div class='ocr_carea' id='block_1_3' title="bbox 349 1400 834 1479">
    <p class='ocr_par' dir='ltr' id='par_1_3' title="bbox 349 1400 834 1479">
     <span class='ocr_line' id='line_1_12' title="bbox 349 1400 834 1479; baseline 0.008 -21"><span class='ocrx_word' id='word_1_92' title='bbox 349 1404 397 1460; x_wconf 85' lang='lat' dir='ltr'>ar.</span> <span class='ocrx_word' id='word_1_93' title='bbox 438 1401 495 1460; x_wconf 86' lang='lat' dir='ltr'>AD</span> <span class='ocrx_word' id='word_1_94' title='bbox 515 1400 711 1460; x_wconf 82' lang='lat' dir='ltr'>Arrrconr</span> <span class='ocrx_word' id='word_1_95' title='bbox 731 1401 784 1461; x_wconf 82' lang='lat' dir='ltr'>xi.</span> <span class='ocrx_word' id='word_1_96' title='bbox 806 1421 834 1479; x_wconf 85' lang='lat'>9.</span> 
     </span>
    </p>
   </div>
   <div class='ocr_carea' id='block_1_4' title="bbox 140 1516 1035 1685">
    <p class='ocr_par' dir='ltr' id='par_1_4' title="bbox 140 1516 1035 1685">
     <span class='ocr_line' id='line_1_13' title="bbox 140 1516 1035 1593; baseline 0 -17"><span class='ocrx_word' id='word_1_97' title='bbox 140 1517 206 1578; x_wconf 83' lang='lat' dir='ltr'>Sca.</span> <span class='ocrx_word' id='word_1_98' title='bbox 228 1516 380 1575; x_wconf 77' lang='lat' dir='ltr'>Baunmsn</span> <span class='ocrx_word' id='word_1_99' title='bbox 401 1536 428 1576; x_wconf 80' lang='lat' dir='ltr'>A.</span> <span class='ocrx_word' id='word_1_100' title='bbox 442 1535 470 1576; x_wconf 86' lang='lat' dir='ltr'>o.</span> <span class='ocrx_word' id='word_1_101' title='bbox 492 1535 534 1575; x_wconf 93' lang='lat'>111.</span> <span class='ocrx_word' id='word_1_102' title='bbox 556 1516 658 1576; x_wconf 73' lang='lat' dir='ltr'>Nonis</span> <span class='ocrx_word' id='word_1_103' title='bbox 679 1517 839 1576; x_wconf 73' lang='lat' dir='ltr'>Inuumms</span> <span class='ocrx_word' id='word_1_104' title='bbox 860 1536 945 1579; x_wconf 70' lang='lat' dir='ltr'>auc.</span> <span class='ocrx_word' id='word_1_105' title='bbox 969 1531 983 1592; x_wconf 85' lang='lat'><strong>7</strong></span> <span class='ocrx_word' id='word_1_106' title='bbox 1010 1531 1035 1593; x_wconf 82' lang='lat'>7.</span> 
     </span>
     <span class='ocr_line' id='line_1_14' title="bbox 437 1643 747 1685; baseline 0 -1"><span class='ocrx_word' id='word_1_107' title='bbox 437 1644 539 1685; x_wconf 80' lang='lat' dir='ltr'>cicaro</span> <span class='ocrx_word' id='word_1_108' title='bbox 559 1643 665 1685; x_wconf 78' lang='lat' dir='ltr'>arrico</span> <span class='ocrx_word' id='word_1_109' title='bbox 686 1644 747 1685; x_wconf 79' lang='lat' dir='ltr'>san.</span> 
     </span>
    </p>
   </div>
   <div class='ocr_carea' id='block_1_5' title="bbox 119 1740 1067 3476">
    <p class='ocr_par' dir='ltr' id='par_1_5' title="bbox 119 1740 1067 3476">
     <span class='ocr_line' id='line_1_15' title="bbox 164 1740 1059 1817; baseline -0.002 -17"><span class='ocrx_word' id='word_1_110' title='bbox 164 1760 188 1800; x_wconf 91' lang='lat'>1.</span> <span class='ocrx_word' id='word_1_111' title='bbox 208 1740 272 1800; x_wconf 82' lang='lat' dir='ltr'>Eoo</span> <span class='ocrx_word' id='word_1_112' title='bbox 295 1758 364 1799; x_wconf 89' lang='lat' dir='ltr'>vero</span> <span class='ocrx_word' id='word_1_113' title='bbox 386 1750 415 1799; x_wconf 92' lang='lat' dir='ltr'>et</span> <span class='ocrx_word' id='word_1_114' title='bbox 439 1742 562 1813; x_wconf 88' lang='lat' dir='ltr'>incaute,</span> <span class='ocrx_word' id='word_1_115' title='bbox 583 1751 615 1800; x_wconf 95' lang='lat' dir='ltr'>ut</span> <span class='ocrx_word' id='word_1_116' title='bbox 639 1741 747 1812; x_wconf 90' lang='lat' dir='ltr'>scribis,</span> <span class='ocrx_word' id='word_1_117' title='bbox 770 1741 949 1813; x_wconf 85' lang='lat' dir='ltr'>etcelerius,</span> <span class='ocrx_word' id='word_1_118' title='bbox 971 1760 1059 1817; x_wconf 89' lang='lat' dir='ltr'>quarn</span> 
     </span>
     <span class='ocr_line' id='line_1_16' title="bbox 119 1839 1060 1917; baseline -0.005 -17"><span class='ocrx_word' id='word_1_119' title='bbox 119 1841 256 1917; x_wconf 90' lang='lat' dir='ltr'>oportuit,</span> <span class='ocrx_word' id='word_1_120' title='bbox 271 1839 326 1898; x_wconf 88' lang='lat' dir='ltr'>feci</span> <span class='ocrx_word' id='word_1_121' title='bbox 340 1858 394 1898; x_wconf 91' lang='lat' dir='ltr'>nec</span> <span class='ocrx_word' id='word_1_122' title='bbox 408 1841 438 1896; x_wconf 92' lang='lat' dir='ltr'>in</span> <span class='ocrx_word' id='word_1_123' title='bbox 452 1839 509 1896; x_wconf 90' lang='lat' dir='ltr'>ulla</span> <span class='ocrx_word' id='word_1_124' title='bbox 526 1858 590 1898; x_wconf 90' lang='lat' dir='ltr'>sum</span> <span class='ocrx_word' id='word_1_125' title='bbox 610 1857 671 1915; x_wconf 92' lang='lat' dir='ltr'>spe,</span> <span class='ocrx_word' id='word_1_126' title='bbox 685 1841 793 1915; x_wconf 89' lang='lat' dir='ltr'>quippe</span> <span class='ocrx_word' id='word_1_127' title='bbox 815 1840 864 1915; x_wconf 91' lang='lat' dir='ltr'>qui</span> <span class='ocrx_word' id='word_1_128' title='bbox 883 1841 1060 1916; x_wconf 86' lang='lat' dir='ltr'>exceptioni-</span> 
     </span>
     <span class='ocr_line' id='line_1_17' title="bbox 119 1938 1060 2013; baseline -0.003 -16"><span class='ocrx_word' id='word_1_129' title='bbox 119 1941 176 1997; x_wconf 91' lang='lat' dir='ltr'>bus</span> <span class='ocrx_word' id='word_1_130' title='bbox 200 1938 360 1996; x_wconf 89' lang='lat' dir='ltr'>edictorum</span> <span class='ocrx_word' id='word_1_131' title='bbox 384 1938 526 2010; x_wconf 81' lang='lat' dir='ltr'>retinear3</span> <span class='ocrx_word' id='word_1_132' title='bbox 558 1956 633 2013; x_wconf 90' lang='lat' dir='ltr'>quae</span> <span class='ocrx_word' id='word_1_133' title='bbox 658 1938 682 1994; x_wconf 89' lang='lat' dir='ltr'>si</span> <span class='ocrx_word' id='word_1_134' title='bbox 706 1955 768 1994; x_wconf 88' lang='lat' dir='ltr'>non</span> <span class='ocrx_word' id='word_1_135' title='bbox 792 1949 888 1995; x_wconf 91' lang='lat' dir='ltr'>essent</span> <span class='ocrx_word' id='word_1_136' title='bbox 912 1938 1060 1995; x_wconf 89' lang='lat' dir='ltr'>sedulitate</span> 
     </span>
     <span class='ocr_line' id='line_1_18' title="bbox 120 2034 1061 2106; baseline -0.003 -12"><span class='ocrx_word' id='word_1_137' title='bbox 120 2037 241 2094; x_wconf 83' lang='lat' dir='ltr'>effectae</span> <span class='ocrx_word' id='word_1_138' title='bbox 262 2046 289 2092; x_wconf 91' lang='lat' dir='ltr'>et</span> <span class='ocrx_word' id='word_1_139' title='bbox 311 2036 510 2093; x_wconf 88' lang='lat' dir='ltr'>benevolentia</span> <span class='ocrx_word' id='word_1_140' title='bbox 531 2047 587 2106; x_wconf 89' lang='lat' dir='ltr'>tua,</span> <span class='ocrx_word' id='word_1_141' title='bbox 607 2036 704 2094; x_wconf 91' lang='lat' dir='ltr'>liceret</span> <span class='ocrx_word' id='word_1_142' title='bbox 725 2034 794 2092; x_wconf 90' lang='lat' dir='ltr'>mihi</span> <span class='ocrx_word' id='word_1_143' title='bbox 814 2035 892 2092; x_wconf 87' lang='lat' dir='ltr'>abire</span> <span class='ocrx_word' id='word_1_144' title='bbox 912 2035 941 2092; x_wconf 94' lang='lat' dir='ltr'>in</span> <span class='ocrx_word' id='word_1_145' title='bbox 963 2036 1061 2092; x_wconf 89' lang='lat' dir='ltr'>solitu·</span> 
     </span>
     <span class='ocr_line' id='line_1_19' title="bbox 122 2132 1062 2208; baseline -0.001 -16"><span class='ocrx_word' id='word_1_146' title='bbox 122 2135 205 2192; x_wconf 90' lang='lat' dir='ltr'>dines</span> <span class='ocrx_word' id='word_1_147' title='bbox 219 2133 347 2208; x_wconf 90' lang='lat' dir='ltr'>aliquas:</span> <span class='ocrx_word' id='word_1_148' title='bbox 368 2151 446 2191; x_wconf 91' lang='lat' dir='ltr'>nunc</span> <span class='ocrx_word' id='word_1_149' title='bbox 464 2151 500 2190; x_wconf 89' lang='lat' dir='ltr'>ne</span> <span class='ocrx_word' id='word_1_150' title='bbox 515 2133 545 2191; x_wconf 92' lang='lat' dir='ltr'>id</span> <span class='ocrx_word' id='word_1_151' title='bbox 558 2133 676 2208; x_wconf 88' lang='lat' dir='ltr'>quidem</span> <span class='ocrx_word' id='word_1_152' title='bbox 691 2133 765 2191; x_wconf 87' lang='lat' dir='ltr'>licet.</span> <span class='ocrx_word' id='word_1_153' title='bbox 807 2132 886 2203; x_wconf 88' lang='lat' dir='ltr'>Quid</span> <span class='ocrx_word' id='word_1_154' title='bbox 903 2143 1000 2190; x_wconf 89' lang='lat' dir='ltr'>autem</span> <span class='ocrx_word' id='word_1_155' title='bbox 1015 2132 1062 2191; x_wconf 87' lang='lat' dir='ltr'>me</span> 
     </span>
     <span class='ocr_line' id='line_1_20' title="bbox 122 2229 1064 2308; baseline -0.004 -18"><span class='ocrx_word' id='word_1_156' title='bbox 122 2234 208 2302; x_wconf 91' lang='lat' dir='ltr'>iuvat,</span> <span class='ocrx_word' id='word_1_157' title='bbox 228 2230 308 2306; x_wconf 93' lang='lat' dir='ltr'>quod</span> <span class='ocrx_word' id='word_1_158' title='bbox 329 2239 396 2288; x_wconf 88' lang='lat' dir='ltr'>ante</span> <span class='ocrx_word' id='word_1_159' title='bbox 416 2231 519 2287; x_wconf 90' lang='lat' dir='ltr'>initum</span> <span class='ocrx_word' id='word_1_160' title='bbox 538 2231 712 2288; x_wconf 89' lang='lat' dir='ltr'>tribunatum</span> <span class='ocrx_word' id='word_1_161' title='bbox 728 2230 799 2300; x_wconf 89' lang='lat' dir='ltr'>veni,</span> <span class='ocrx_word' id='word_1_162' title='bbox 816 2230 839 2287; x_wconf 92' lang='lat' dir='ltr'>si</span> <span class='ocrx_word' id='word_1_163' title='bbox 858 2230 964 2306; x_wconf 90' lang='lat' dir='ltr'>ipsum,</span> <span class='ocrx_word' id='word_1_164' title='bbox 983 2229 1064 2308; x_wconf 91' lang='lat' dir='ltr'>quod</span> 
     </span>
     <span class='ocr_line' id='line_1_21' title="bbox 122 2326 1063 2402; baseline -0.002 -16"><span class='ocrx_word' id='word_1_165' title='bbox 122 2330 197 2398; x_wconf 88' lang='lat' dir='ltr'>veni,</span> <span class='ocrx_word' id='word_1_166' title='bbox 211 2327 281 2385; x_wconf 92' lang='lat' dir='ltr'>nihil</span> <span class='ocrx_word' id='word_1_167' title='bbox 295 2328 390 2385; x_wconf 84' lang='lat' dir='ltr'>iuvat?</span> <span class='ocrx_word' id='word_1_168' title='bbox 412 2329 469 2385; x_wconf 88' lang='lat' dir='ltr'>iam</span> <span class='ocrx_word' id='word_1_169' title='bbox 481 2328 551 2402; x_wconf 92' lang='lat' dir='ltr'>quid</span> <span class='ocrx_word' id='word_1_170' title='bbox 566 2345 680 2402; x_wconf 86' lang='lat' dir='ltr'>sperem</span> <span class='ocrx_word' id='word_1_171' title='bbox 695 2327 732 2384; x_wconf 90' lang='lat' dir='ltr'>ab</span> <span class='ocrx_word' id='word_1_172' title='bbox 746 2344 791 2398; x_wconf 92' lang='lat' dir='ltr'>eo,</span> <span class='ocrx_word' id='word_1_173' title='bbox 803 2327 853 2402; x_wconf 93' lang='lat' dir='ltr'>qui</span> <span class='ocrx_word' id='word_1_174' title='bbox 867 2326 937 2384; x_wconf 91' lang='lat' dir='ltr'>mihi</span> <span class='ocrx_word' id='word_1_175' title='bbox 951 2328 1063 2384; x_wconf 87' lang='lat' dir='ltr'>amicus</span> 
     </span>
     <span class='ocr_line' id='line_1_22' title="bbox 124 2423 1064 2502; baseline -0.003 -18"><span class='ocrx_word' id='word_1_176' title='bbox 124 2444 284 2502; x_wconf 89' lang='lat' dir='ltr'>numquam</span> <span class='ocrx_word' id='word_1_177' title='bbox 303 2426 363 2496; x_wconf 89' lang='lat' dir='ltr'>fuit,</span> <span class='ocrx_word' id='word_1_178' title='bbox 379 2444 447 2484; x_wconf 89' lang='lat' dir='ltr'>cum</span> <span class='ocrx_word' id='word_1_179' title='bbox 466 2426 523 2482; x_wconf 88' lang='lat' dir='ltr'>iarn</span> <span class='ocrx_word' id='word_1_180' title='bbox 538 2425 603 2500; x_wconf 89' lang='lat' dir='ltr'>lege</span> <span class='ocrx_word' id='word_1_181' title='bbox 622 2425 710 2482; x_wconf 88' lang='lat' dir='ltr'>etiam</span> <span class='ocrx_word' id='word_1_182' title='bbox 727 2424 782 2481; x_wconf 90' lang='lat' dir='ltr'>sim</span> <span class='ocrx_word' id='word_1_183' title='bbox 799 2423 948 2483; x_wconf 89' lang='lat' dir='ltr'>consectus</span> <span class='ocrx_word' id='word_1_184' title='bbox 965 2435 993 2482; x_wconf 87' lang='lat' dir='ltr'>et</span> <span class='ocrx_word' id='word_1_185' title='bbox 1011 2441 1064 2499; x_wconf 62' lang='lat' dir='ltr'>on</span> 
     </span>
     <span class='ocr_line' id='line_1_23' title="bbox 123 2521 1064 2600; baseline -0.003 -19"><span class='ocrx_word' id='word_1_186' title='bbox 123 2525 263 2600; x_wconf 83' lang='lat' dir='ltr'>pressus?</span> <span class='ocrx_word' id='word_1_187' title='bbox 284 2523 405 2598; x_wconf 76' lang='lat' dir='ltr'>quottidie</span> <span class='ocrx_word' id='word_1_188' title='bbox 426 2524 484 2580; x_wconf 91' lang='lat' dir='ltr'>iam</span> <span class='ocrx_word' id='word_1_189' title='bbox 504 2521 587 2580; x_wconf 88' lang='lat' dir='ltr'>Balbi</span> <span class='ocrx_word' id='word_1_190' title='bbox 608 2521 646 2580; x_wconf 89' lang='lat' dir='ltr'>ad</span> <span class='ocrx_word' id='word_1_191' title='bbox 666 2540 714 2579; x_wconf 87' lang='lat' dir='ltr'>me</span> <span class='ocrx_word' id='word_1_192' title='bbox 733 2521 842 2579; x_wconf 85' lang='lat' dir='ltr'>litterae</span> <span class='ocrx_word' id='word_1_193' title='bbox 860 2521 1064 2597; x_wconf 84' lang='lat' dir='ltr'>languidiores,</span> 
     </span>
     <span class='ocr_line' id='line_1_24' title="bbox 125 2617 1065 2696; baseline -0.003 -17"><span class='ocrx_word' id='word_1_194' title='bbox 125 2622 291 2696; x_wconf 89' lang='lat' dir='ltr'>multaeque</span> <span class='ocrx_word' id='word_1_195' title='bbox 307 2621 464 2678; x_wconf 89' lang='lat' dir='ltr'>multorum</span> <span class='ocrx_word' id='word_1_196' title='bbox 483 2620 520 2678; x_wconf 88' lang='lat' dir='ltr'>ad</span> <span class='ocrx_word' id='word_1_197' title='bbox 535 2620 624 2690; x_wconf 91' lang='lat' dir='ltr'>illurn,</span> <span class='ocrx_word' id='word_1_198' title='bbox 639 2618 760 2678; x_wconf 90' lang='lat' dir='ltr'>sortasse</span> <span class='ocrx_word' id='word_1_199' title='bbox 779 2627 880 2677; x_wconf 88' lang='lat' dir='ltr'>contra</span> <span class='ocrx_word' id='word_1_200' title='bbox 897 2637 952 2678; x_wconf 90' lang='lat' dir='ltr'>me.</span> <span class='ocrx_word' id='word_1_201' title='bbox 994 2617 1065 2676; x_wconf 84' lang='lat' dir='ltr'>Meo</span> 
     </span>
     <span class='ocr_line' id='line_1_25' title="bbox 125 2718 1066 2795; baseline -0.004 -17"><span class='ocrx_word' id='word_1_202' title='bbox 125 2722 194 2778; x_wconf 88' lang='lat' dir='ltr'>vitio</span> <span class='ocrx_word' id='word_1_203' title='bbox 216 2737 320 2795; x_wconf 86' lang='lat' dir='ltr'>pereo;</span> <span class='ocrx_word' id='word_1_204' title='bbox 346 2719 416 2776; x_wconf 89' lang='lat' dir='ltr'>nihil</span> <span class='ocrx_word' id='word_1_205' title='bbox 437 2719 506 2777; x_wconf 91' lang='lat' dir='ltr'>mihi</span> <span class='ocrx_word' id='word_1_206' title='bbox 527 2719 596 2776; x_wconf 91' lang='lat' dir='ltr'>mali</span> <span class='ocrx_word' id='word_1_207' title='bbox 618 2736 702 2776; x_wconf 91' lang='lat' dir='ltr'>casus</span> <span class='ocrx_word' id='word_1_208' title='bbox 723 2718 832 2788; x_wconf 81' lang='lat' dir='ltr'>attulit3</span> <span class='ocrx_word' id='word_1_209' title='bbox 861 2719 961 2776; x_wconf 88' lang='lat' dir='ltr'>omnia</span> <span class='ocrx_word' id='word_1_210' title='bbox 981 2719 1066 2793; x_wconf 90' lang='lat' dir='ltr'>culpa</span> 
     </span>
     <span class='ocr_line' id='line_1_26' title="bbox 125 2815 1064 2891; baseline -0.002 -15"><span class='ocrx_word' id='word_1_211' title='bbox 125 2827 275 2878; x_wconf 88' lang='lat' dir='ltr'>contracta</span> <span class='ocrx_word' id='word_1_212' title='bbox 301 2826 375 2875; x_wconf 90' lang='lat' dir='ltr'>sunt.</span> <span class='ocrx_word' id='word_1_213' title='bbox 426 2815 492 2891; x_wconf 87' lang='lat' dir='ltr'>Ego</span> <span class='ocrx_word' id='word_1_214' title='bbox 522 2817 609 2886; x_wconf 89' lang='lat' dir='ltr'>enim,</span> <span class='ocrx_word' id='word_1_215' title='bbox 634 2834 701 2873; x_wconf 92' lang='lat' dir='ltr'>cum</span> <span class='ocrx_word' id='word_1_216' title='bbox 723 2833 815 2890; x_wconf 89' lang='lat' dir='ltr'>genus</span> <span class='ocrx_word' id='word_1_217' title='bbox 839 2815 907 2873; x_wconf 89' lang='lat' dir='ltr'>belli</span> <span class='ocrx_word' id='word_1_218' title='bbox 930 2816 1064 2886; x_wconf 87' lang='lat' dir='ltr'>viderem,</span> 
     </span>
     <span class='ocr_line' id='line_1_27' title="bbox 125 2913 1065 2991; baseline -0.006 -17"><span class='ocrx_word' id='word_1_219' title='bbox 125 2919 267 2991; x_wconf 87' lang='lat' dir='ltr'>imparata</span> <span class='ocrx_word' id='word_1_220' title='bbox 281 2925 309 2973; x_wconf 92' lang='lat' dir='ltr'>et</span> <span class='ocrx_word' id='word_1_221' title='bbox 323 2914 435 2971; x_wconf 87' lang='lat' dir='ltr'>infirma</span> <span class='ocrx_word' id='word_1_222' title='bbox 452 2914 552 2971; x_wconf 89' lang='lat' dir='ltr'>omnia</span> <span class='ocrx_word' id='word_1_223' title='bbox 569 2921 670 2972; x_wconf 91' lang='lat' dir='ltr'>contra</span> <span class='ocrx_word' id='word_1_224' title='bbox 683 2913 888 2991; x_wconf 87' lang='lat' dir='ltr'>paratissimos,</span> <span class='ocrx_word' id='word_1_225' title='bbox 903 2922 1065 2983; x_wconf 85' lang='lat' dir='ltr'>statueram,</span> 
     </span>
     <span class='ocr_line' id='line_1_28' title="bbox 127 3008 1065 3089; baseline -0.005 -18"><span class='ocrx_word' id='word_1_226' title='bbox 127 3014 198 3089; x_wconf 89' lang='lat' dir='ltr'>quid</span> <span class='ocrx_word' id='word_1_227' title='bbox 212 3013 344 3082; x_wconf 88' lang='lat' dir='ltr'>facerem,</span> <span class='ocrx_word' id='word_1_228' title='bbox 360 3028 551 3086; x_wconf 90' lang='lat' dir='ltr'>ceperamque</span> <span class='ocrx_word' id='word_1_229' title='bbox 571 3009 722 3068; x_wconf 88' lang='lat' dir='ltr'>consilium</span> <span class='ocrx_word' id='word_1_230' title='bbox 740 3025 800 3066; x_wconf 90' lang='lat' dir='ltr'>non</span> <span class='ocrx_word' id='word_1_231' title='bbox 817 3018 876 3066; x_wconf 88' lang='lat' dir='ltr'>tam</span> <span class='ocrx_word' id='word_1_232' title='bbox 891 3008 963 3070; x_wconf 84' lang='lat' dir='ltr'>forte</span> <span class='ocrx_word' id='word_1_233' title='bbox 978 3027 1065 3084; x_wconf 89' lang='lat' dir='ltr'>quam</span> 
     </span>
     <span class='ocr_line' id='line_1_29' title="bbox 127 3105 1066 3186; baseline -0.005 -17"><span class='ocrx_word' id='word_1_234' title='bbox 127 3111 199 3169; x_wconf 89' lang='lat' dir='ltr'>mihi</span> <span class='ocrx_word' id='word_1_235' title='bbox 220 3119 333 3186; x_wconf 89' lang='lat' dir='ltr'>praeter</span> <span class='ocrx_word' id='word_1_236' title='bbox 354 3119 466 3166; x_wconf 90' lang='lat' dir='ltr'>ceteros</span> <span class='ocrx_word' id='word_1_237' title='bbox 493 3106 724 3166; x_wconf 89' lang='lat' dir='ltr'>concedendum.</span> <span class='ocrx_word' id='word_1_238' title='bbox 769 3125 795 3165; x_wconf 84' lang='lat' dir='ltr'>a.</span> <span class='ocrx_word' id='word_1_239' title='bbox 818 3105 901 3165; x_wconf 89' lang='lat' dir='ltr'>Cessi</span> <span class='ocrx_word' id='word_1_240' title='bbox 929 3107 1002 3164; x_wconf 90' lang='lat' dir='ltr'>meis</span> <span class='ocrx_word' id='word_1_241' title='bbox 1022 3107 1066 3164; x_wconf 91' lang='lat' dir='ltr'>vel</span> 
     </span>
     <span class='ocr_line' id='line_1_30' title="bbox 128 3205 1064 3286; baseline -0.005 -20"><span class='ocrx_word' id='word_1_242' title='bbox 128 3209 225 3286; x_wconf 91' lang='lat' dir='ltr'>potius</span> <span class='ocrx_word' id='word_1_243' title='bbox 245 3207 333 3283; x_wconf 86' lang='lat' dir='ltr'>parui,</span> <span class='ocrx_word' id='word_1_244' title='bbox 353 3224 389 3263; x_wconf 86' lang='lat' dir='ltr'>ex</span> <span class='ocrx_word' id='word_1_245' title='bbox 408 3207 512 3281; x_wconf 93' lang='lat' dir='ltr'>quibus</span> <span class='ocrx_word' id='word_1_246' title='bbox 531 3223 605 3263; x_wconf 90' lang='lat' dir='ltr'>unus</span> <span class='ocrx_word' id='word_1_247' title='bbox 623 3223 681 3280; x_wconf 93' lang='lat' dir='ltr'>qua</span> <span class='ocrx_word' id='word_1_248' title='bbox 701 3215 799 3263; x_wconf 88' lang='lat' dir='ltr'>mente</span> <span class='ocrx_word' id='word_1_249' title='bbox 820 3205 911 3276; x_wconf 85' lang='lat' dir='ltr'>fuerit,</span> <span class='ocrx_word' id='word_1_250' title='bbox 930 3205 963 3274; x_wconf 91' lang='lat' dir='ltr'>is,</span> <span class='ocrx_word' id='word_1_251' title='bbox 978 3222 1064 3280; x_wconf 83' lang='lat' dir='ltr'>quern</span> 
     </span>
     <span class='ocr_line' id='line_1_31' title="bbox 129 3303 1067 3378; baseline -0.006 -12"><span class='ocrx_word' id='word_1_252' title='bbox 129 3320 161 3366; x_wconf 88' lang='lat' dir='ltr'>tu</span> <span class='ocrx_word' id='word_1_253' title='bbox 180 3306 249 3363; x_wconf 91' lang='lat' dir='ltr'>mihi</span> <span class='ocrx_word' id='word_1_254' title='bbox 269 3304 465 3374; x_wconf 90' lang='lat' dir='ltr'>commendas,</span> <span class='ocrx_word' id='word_1_255' title='bbox 480 3321 644 3378; x_wconf 85' lang='lat' dir='ltr'>cognosces</span> <span class='ocrx_word' id='word_1_256' title='bbox 663 3321 699 3360; x_wconf 86' lang='lat' dir='ltr'>ex</span> <span class='ocrx_word' id='word_1_257' title='bbox 714 3303 803 3378; x_wconf 89' lang='lat' dir='ltr'>ipsius</span> <span class='ocrx_word' id='word_1_258' title='bbox 817 3303 924 3374; x_wconf 90' lang='lat' dir='ltr'>litteris,</span> <span class='ocrx_word' id='word_1_259' title='bbox 939 3320 1009 3378; x_wconf 85' lang='lat' dir='ltr'>quas</span> <span class='ocrx_word' id='word_1_260' title='bbox 1028 3303 1067 3360; x_wconf 90' lang='lat' dir='ltr'>ad</span> 
     </span>
     <span class='ocr_line' id='line_1_32' title="bbox 130 3399 1066 3476; baseline -0.01 -12"><span class='ocrx_word' id='word_1_261' title='bbox 130 3416 159 3464; x_wconf 90' lang='lat' dir='ltr'>te</span> <span class='ocrx_word' id='word_1_262' title='bbox 176 3413 205 3462; x_wconf 88' lang='lat' dir='ltr'>et</span> <span class='ocrx_word' id='word_1_263' title='bbox 223 3402 260 3460; x_wconf 90' lang='lat' dir='ltr'>ad</span> <span class='ocrx_word' id='word_1_264' title='bbox 279 3402 350 3461; x_wconf 89' lang='lat' dir='ltr'>alios</span> <span class='ocrx_word' id='word_1_265' title='bbox 366 3401 450 3472; x_wconf 90' lang='lat' dir='ltr'>misit,</span> <span class='ocrx_word' id='word_1_266' title='bbox 465 3417 537 3476; x_wconf 91' lang='lat' dir='ltr'>quas</span> <span class='ocrx_word' id='word_1_267' title='bbox 555 3417 611 3476; x_wconf 85' lang='lat' dir='ltr'>ego</span> <span class='ocrx_word' id='word_1_268' title='bbox 632 3417 792 3475; x_wconf 89' lang='lat' dir='ltr'>numquam</span> <span class='ocrx_word' id='word_1_269' title='bbox 813 3399 997 3476; x_wconf 89' lang='lat' dir='ltr'>aperuissem,</span> <span class='ocrx_word' id='word_1_270' title='bbox 1012 3399 1066 3456; x_wconf 89' lang='lat' dir='ltr'>nisi</span> 
     </span>
    </p>
   </div>
   <div class='ocr_carea' id='block_1_6' title="bbox 0 0 1196 3788">
    <p class='ocr_par' dir='ltr' id='par_1_6' title="bbox 0 0 1196 3788">
     <span class='ocr_line' id='line_1_33' title="bbox 0 0 1196 3788; baseline 0 0"><span class='ocrx_word' id='word_1_271' title='bbox 0 0 1196 3788; x_wconf 95' lang='lat' dir='ltr'> </span> 
     </span>
    </p>
   </div>
  </div>
 </body>
</html>
