2348 3788
175 244 213 298 Μ.
232 245 350 296 romu
363 247 550 298 oteramus
563 248 618 298 rr.
635 247 685 296 An
698 248 779 303 arr.
795 252 843 300 rr.
860 237 892 302 6.
947 251 1008 322 179

55 373 178 460 ‘tantum
205 400 347 477 rescripsi,
375 419 398 484 a
421 400 525 477 quibus
560 419 737 476 acceperam.
786 401 837 462 Tu
864 401 950 461 velim
978 413 1008 461 et

63 498 163 557 Basilo
184 507 213 556 et
233 499 337 575 quibus
358 509 506 574 praeterea
524 498 672 570 videbitur,
687 501 773 558 etiam
795 500 914 559 Servilio
937 519 1007 559 con-

63 597 183 667 scribas,
194 606 225 654 ut
239 597 289 654 tibi
304 595 453 667 videbitur,
467 614 534 655 meo
549 574 675 657 nomine.
719 597 808 670 Quod
823 609 903 656 tanto
918 599 1005 657 inter-

62 696 138 754 vallo
162 694 232 752 nihil
258 696 380 752 omnino
405 695 443 752 ad
467 712 519 754 vos
543 695 653 770 scripsi,
677 695 722 754 his
748 696 847 755 litteris
871 697 1003 773 prolecto

27 808 33 814 ·
62 789 215 865 intelleges
233 805 294 846 rem
314 786 384 845 mihi
399 788 510 859 deesse,
524 788 561 846 de
576 808 633 865 qua
652 791 785 862 scribam,
800 808 861 849 non
875 792 1004 849 volunta-

62 900 131 946 tem.
173 907 201 960 4.
227 886 317 958 Quod
342 887 379 944 de
401 886 518 945 Vatinio
543 888 667 962 quaeris,
692 905 786 964 neque
810 889 883 947 illius
908 908 1004 966 neque

62 987 235 1062 cuiusquam
262 984 333 1042 mihi
357 994 505 1061 praeterea
531 984 658 1042 officium
686 985 807 1057 deesset,
830 987 855 1045 si
880 988 1003 1063 reperire

62 1093 265 1160 possentque
285 1083 316 1140 in
336 1101 367 1140 re
388 1100 436 1140 me
456 1082 592 1140 iuvarent.
635 1081 762 1154 Quintus
783 1085 963 1142 aversissimo
985 1104 1003 1143 a
1069 1117 1072 1124 ·

61 1200 111 1239 me
130 1182 228 1239 animo
243 1181 335 1239 Patris
354 1180 422 1252 fuit3
444 1181 548 1238 eodem
568 1179 696 1256 Corcyra
715 1181 788 1241 filius
802 1183 887 1240 venit.
928 1182 1001 1242 Inde

59 1279 207 1357 profectos
221 1297 273 1338 eos
286 1298 344 1338 una
359 1297 426 1338 cum
441 1280 542 1339 ceteris
556 1281 686 1340 arbitror.

290 1440 337 1496 80.
378 1436 437 1496 AD
458 1436 651 1495 ATTICUM
672 1438 725 1498 XI.
748 1441 774 1497 6.

60 1552 127 1614 Ser.
143 1552 295 1613 Brurtnrsn
315 1573 342 1612 Α.
357 1572 386 1612 o.
407 1571 446 1612 w.
460 1551 620 1612 Kraunons
634 1553 810 1615 Dacruaurs
831 1574 914 1617 auc.
932 1571 946 1632 7
972 1560 999 1618 6.

322 1677 424 1719 creare
445 1676 551 1720 nrrrco
570 1677 631 1719 sm..
653 1679 740 1720 orcrr.

103 1792 128 1833 1.
149 1774 328 1834 Sormcmurr
342 1792 405 1832 esse
419 1784 447 1832 te
462 1793 529 1832 cum
543 1774 580 1832 de
594 1776 650 1832 tuis
665 1776 926 1853 communibusque
941 1779 998 1837 lor-

57 1874 144 1942 tunis,
159 1883 221 1930 turn
235 1873 361 1930 maxime
380 1873 416 1930 de
435 1889 482 1929 me
501 1891 536 1930 ae
555 1872 591 1930 de
611 1872 711 1931 dolore
730 1892 797 1932 meo
813 1877 906 1933 sentio
916 1897 924 1947 ;
947 1879 995 1952 qui

56 1973 176 2048 quidem
191 1990 273 2029 meus
288 1971 372 2029 dolor
386 1988 446 2028 non
461 1971 552 2029 modo
567 1989 627 2028 non
642 1972 787 2042 minuitur,
803 1991 870 2030 eum
885 1976 996 2033 socium

56 2070 113 2127 sibi
126 2069 257 2143 adiungit
271 2068 401 2126 dolorem
415 2077 506 2138 tuum,
521 2068 573 2126 sed
592 2069 678 2125 etiam
693 2080 821 2144 augetur.
865 2069 996 2130 Omnino

55 2185 111 2243 pro
126 2176 175 2224 tua
191 2167 343 2241 prudentia
361 2167 531 2241 scutisque
550 2166 749 2224 consolatione
763 2165 849 2225 levari
868 2169 994 2228 maxime

55 2265 184 2344 possim;
214 2265 322 2340 probas
347 2264 425 2320 enim
449 2281 547 2320 meum
572 2263 724 2320 consilium
749 2282 897 2340 negasque
924 2266 994 2324 mihi

55 2359 211 2434 quicquam
230 2357 278 2414 tali
300 2366 431 2431 tempore
454 2357 549 2432 potius
572 2355 738 2414 faciendum
762 2356 858 2415 luisse.
900 2358 993 2418 Addis

54 2456 264 2531 etiam-quod
285 2456 338 2514 etsi
359 2454 428 2512 mihi
449 2454 538 2513 levius
560 2465 603 2513 est
627 2474 715 2531 quam
740 2465 822 2514 tuum
845 2456 993 2530 iudicium,

53 2565 153 2613 tamen
174 2572 234 2611 non
256 2564 299 2610 est
319 2553 522 2611 leve-ceteris
543 2571 668 2628 quoque,
691 2552 721 2611 id
743 2563 795 2624 est,
810 2555 859 2631 qui
876 2557 992 2631 pondus

52 2652 190 2721 habeant,
215 2651 323 2708 sactum
351 2659 482 2707 nostrum
509 2651 633 2726 probari.
674 2650 710 2709 Id
738 2652 762 2710 si
786 2652 825 2710 ita
848 2665 989 2728 putarem,

51 2749 142 2808 levius
157 2749 292 2806 dolerem.
335 2746 463 2806 ‘Crede’
485 2747 579 2822 inquis
601 2747 706 2804 ‘mihi'
749 2768 775 2807 a.
797 2748 894 2809 Credo
908 2754 988 2828 equi-

52 2847 130 2916 dem,
145 2846 196 2904 sed
215 2847 284 2916 scio,
299 2863 388 2921 quam
407 2845 507 2919 cupias
526 2845 617 2902 minui
637 2845 768 2903 dolorem
789 2864 894 2906 meum.
938 2848 989 2914 Me

50 2945 217 3002 discessisse
242 2944 279 3001 ab
302 2943 387 3001 armis
409 2960 568 3017 numquam
591 2943 747 3018 paenituit:
773 2954 852 3003 tanta
875 2956 936 3004 erat
957 2947 988 3003 in

49 3043 104 3101 illis
118 3041 277 3111 crudelitas
291 3050 370 3097 tanta
389 3058 455 3098 eum
470 3040 597 3098 barbaris
614 3042 748 3115 gentibus
767 3044 941 3115 coniunctio,
955 3054 987 3102 ut

48 3159 111 3198 non
126 3139 304 3209 nominatim,
317 3137 367 3196 sed
381 3138 538 3212 generatim
552 3139 722 3214 proscriptio
737 3150 813 3198 esset
824 3140 984 3211 informata,

47 3251 79 3298 ut
100 3241 157 3297 iam
180 3239 310 3298 omniurn
331 3236 436 3294 iudicio
461 3235 648 3294 constitutum
672 3247 748 3295 esset
769 3241 900 3296 omnium
921 3257 983 3298 ves-

45 3347 122 3396 trum
150 3339 229 3395 bona
256 3336 393 3412 praedam
425 3352 489 3391 esse
517 3333 591 3392 illius
619 3335 761 3394 victoriae.
813 3333 985 3398 ‘Vestrum’

45 3435 131 3512 plane
151 3434 217 3494 dieo
226 3453 235 3508 ς
256 3448 417 3510 numquam
435 3432 513 3489 enim
533 3431 570 3489 de
588 3432 694 3510 teipso
712 3434 766 3492 nisi
786 3434 983 3501 crudelissime

485 3546 504 3590 ll
524 3544 540 3589 2
