2356 3810
107 232 153 293 ap.
168 215 222 299 41.]
273 228 385 278 aaran
408 227 458 275 Aa
476 228 874 295 aanrrrnnaavrrr.14.
945 240 948 246 ·
985 230 1046 296 r17

108 398 195 438 suum
215 397 391 455 quemquam
411 389 470 436 tam
492 379 585 438 oderit
604 399 691 455 quam
715 398 771 450 me,
786 390 872 455 atque
890 395 927 437 eo
944 379 1047 454 magis,

106 472 191 549 ,quod
212 491 263 547 per
287 473 418 530 iniuriam
438 474 493 531 sibi
515 482 595 549 putat
617 481 785 549 auguratum
808 481 946 547 ereptum,
968 472 1049 530 cuius

109 590 167 647 ego
195 581 295 628 auctor
322 570 433 629 fuerim.
485 569 572 629 Nunc
599 570 666 628 furit
689 580 748 628 tam
775 570 889 645 gavisos
916 569 1049 627 homines

110 687 194 728 suum
209 668 339 726 dolorem
353 685 503 743 unumque
520 668 609 727 modo
627 686 675 726 me
695 667 898 725 studiosiorem
911 666 1048 723 Antonii:

109 784 178 824 nam
207 765 261 824 Cn.
284 764 469 824 Saturninum
497 765 709 823 adulescentem
738 764 800 840 ipse
829 763 883 821 Cn.
904 763 1049 822 Domitius

108 882 192 921 reum
210 862 286 934 fecit,
302 881 371 921 sane
384 881 474 938 quam
493 863 640 938 superiore
654 863 742 921 avita
760 861 948 930 invidiosum3
970 861 1050 936 quod

107 959 247 1019 iudicium
268 979 346 1018 nunc
367 960 397 1017 in
418 961 633 1035 exspectatione
651 970 706 1031 est,
728 960 814 1018 etiarn
835 959 864 1016 in
885 959 964 1017 bona
988 976 1049 1034 spe,

108 1069 178 1134 post
193 1057 259 1116 Sex.
275 1057 417 1115 Peducaei
432 1056 653 1115 absolutionem.
696 1076 722 1115 a.
743 1056 789 1114 De
805 1075 919 1114 summa
932 1075 962 1114 re
975 1057 1050 1132 pub·

106 1158 165 1215 -lica
179 1174 265 1230 saepe
286 1155 336 1211 tibi
351 1155 459 1229 scripsi,
479 1172 526 1210 me
548 1173 675 1212 annuam
696 1171 799 1229 pacem
816 1173 882 1212 tnon
902 1154 1007 1225 videre,
1021 1164 1051 1212 et

111 1273 170 1330 quo
185 1253 303 1329 propius
323 1270 358 1309 ea
375 1251 530 1317 contentio,
545 1269 633 1326 quarn
651 1252 712 1309 fieri
731 1269 850 1309 necesse
864 1261 915 1322 est,
930 1253 1050 1324 accedit,

108 1371 149 1411 eo
164 1351 266 1426 clarius
280 1349 309 1407 id
330 1349 488 1425 periculum
504 1359 631 1425 apparet.
672 1349 856 1424 Propositum
876 1349 933 1406 hoc
947 1361 998 1420 est,
1013 1350 1050 1408 de

111 1468 180 1525 quo,
208 1448 258 1524 qui
284 1464 378 1504 rerum
406 1446 562 1520 potiuntur,
590 1456 658 1504 sunt
690 1445 857 1517 dimicaturi,
884 1447 967 1523 ‚quod
994 1447 1048 1507 Cn.

112 1547 268 1622 Pompeius
284 1544 430 1602 constituit
451 1562 512 1602 non
532 1545 590 1620 pati
605 1543 639 1603 C.
654 1543 809 1603 Caesarem
830 1545 978 1604 consulem
999 1547 1050 1605 ali·

111 1658 155 1705 ter
175 1645 243 1714 fieri,
265 1643 320 1700 nisi
341 1641 497 1699 exercitum
518 1651 547 1699 et
567 1643 728 1718 provincias
748 1642 911 1714 tradiderit;
933 1642 1051 1702 Caesari

113 1755 209 1803 autern
230 1756 399 1816 persuasum
420 1749 463 1796 est
487 1757 517 1797 se
546 1739 655 1797 salvum
679 1758 743 1798 esse
765 1758 826 1798 non
848 1758 945 1816 posse,
965 1743 996 1798 si
1013 1744 1050 1800 ab

113 1840 240 1901 exercitu
263 1837 421 1895 recesserit.
462 1835 530 1894 Fert
556 1837 634 1894 illam
658 1847 756 1896 tamen
783 1839 994 1908 condicionem,
1019 1849 1051 1897 ut

113 1941 202 1997 ambo
230 1935 371 1994 exercitus
399 1933 520 1992 tradant.
570 1933 617 1992 Sic
645 1935 683 1992 iili
712 1953 826 1994 amores
854 1946 882 1994 et
910 1937 1051 1994 invidiosa

113 2034 279 2095 coniunctio
302 2049 363 2089 nou
383 2031 422 2088 ad
442 2031 585 2089 occultam
609 2033 709 2092 recidit
731 2034 977 2102 obtrectationem,
999 2034 1051 2091 sed

113 2136 151 2194 ad
164 2134 270 2191 bellum
290 2149 321 2188 se
336 2129 428 2204 erupit
438 2149 446 2200 ;
467 2147 571 2205 neque,
586 2150 715 2189 mearum
736 2150 831 2190 rerum
851 2131 922 2207 quid
940 2131 1052 2189 consilii

113 2234 234 2309 capiam,
249 2228 379 2304 reperio;
402 2227 481 2302 quod
501 2245 562 2285 non
581 2229 690 2301 dubito,
705 2231 775 2305 quin
794 2241 822 2288 te
841 2247 958 2305 quoque
978 2228 1051 2287 haec

114 2328 280 2390 deliberatio
302 2325 338 2383 sit
358 2325 562 2400 perturbatura
604 2327 681 2385 Nam
705 2327 776 2385 mihi
797 2347 864 2386 cum
885 2327 1052 2386 hominibus

113 2431 158 2487 his
172 2438 201 2486 et
214 2424 305 2501 gratia
319 2432 347 2481 et
361 2422 545 2481 necessitudo
559 2436 621 2482 est:
639 2443 761 2484 causam
781 2425 866 2493 illam,
882 2443 943 2483 non
954 2425 1052 2483 homi·

13 2536 20 2556 ·
111 2545 166 2586 nes
181 2525 238 2582 odi.
283 2541 309 2596 3.
330 2519 405 2577 Illud
426 2529 454 2577 te
475 2537 536 2579 non
557 2522 678 2580 arbitror
698 2521 806 2598 sugere,
827 2523 898 2597 quin
917 2522 1051 2580 homines

113 2627 144 2684 in
166 2621 344 2680 dissensione
360 2618 519 2676 domestica
533 2619 665 2691 debeant,
679 2638 768 2696 quam
789 2620 838 2678 diu
859 2620 975 2678 civiliter
989 2620 1051 2678 sine

113 2722 200 2781 armis
222 2728 350 2786 certetur,
369 2716 565 2774 honestiorem
584 2718 666 2792 sequi
682 2728 803 2793 partem,
821 2716 870 2775 ubi
888 2718 927 2776 ad
942 2717 1051 2775 bellurn

114 2832 143 2880 et
165 2828 257 2876 castra
280 2825 399 2872 ventum
424 2815 466 2885 sit,
490 2813 655 2882 firmiorem,
677 2825 707 2873 et
734 2815 764 2873 id
792 2815 893 2872 melius
918 2825 1051 2885 statuere,

114 2916 194 2994 quod
215 2914 302 2970 tutius
322 2913 367 2970 sit.
410 2911 446 2968 In
466 2911 521 2969 hac
542 2912 686 2970 discordia
705 2912 790 2970 video
808 2911 862 2971 Cn.
878 2911 1050 2987 Pompeium

115 3023 246 3073 senatum
267 3011 375 3085 quique
395 3028 441 3067 res
462 3009 589 3067 iudicant
610 3028 709 3068 secum
731 3009 904 3081 habiturum,
918 3011 956 3068 ad
977 3010 1052 3069 Cae·

115 3129 209 3172 sarem
230 3126 340 3177 omnes,
360 3109 409 3182 qui
429 3125 496 3165 cum
517 3107 620 3165 timore
641 3117 690 3165 aut
710 3107 787 3164 mala
808 3124 860 3182 spe
881 3108 984 3178 vivant,
1004 3126 1053 3167 ac·

114 3223 256 3274 cessuros,
283 3204 439 3262 exercitum
467 3203 678 3262 >conferendum
711 3222 773 3262 non
806 3222 880 3262 esse.
922 3203 1052 3264 Omnino

114 3307 184 3365 satis
204 3302 287 3377 spatii
309 3311 352 3359 est
372 3301 410 3360 ad
422 3300 649 3358 considerandas
670 3301 816 3376 utriusque
833 3301 934 3376 copias
954 3312 983 3360 et
1002 3303 1052 3360 eli·

114 3401 242 3479 gandam
268 3409 388 3477 partem.
430 3416 457 3471 4.
479 3399 574 3474 Prope
596 3397 701 3456 oblitus
725 3415 799 3470 sum,
822 3397 903 3476 quod
926 3400 1052 3461 maxime
