2348 3788
55 192 58 197 ’
121 207 182 272 194
373 203 412 255 M.
437 202 556 250 rurrrr
577 201 783 250 erosnoms.
900 263 903 275 Ι
932 188 1001 275 [aas
1015 204 1053 250 ιν.

117 373 148 417 ut
162 361 185 417 is
201 360 305 434 cuique
323 358 413 428 locus,
429 360 478 417 ubi
493 360 554 434 ipse
574 359 617 430 sit,
632 369 661 417 et
675 359 729 418 sibi
744 361 868 435 quisque
882 360 1054 418 miserrimus

117 472 180 511 esse
200 454 335 522 videatur,
354 463 507 527 propterea
521 464 550 511 et
569 454 609 511 tui
625 453 737 511 consilii
756 454 885 529 paenitet
901 463 931 510 te
952 463 1055 521 etms,

117 552 166 625 qui
187 551 267 608 domi
286 567 394 619 sumus,
409 551 460 606 tibi
481 551 558 607 beati
571 551 710 621 videmur,
725 561 755 608 at
773 562 876 610 contra
895 551 984 609 nobis
1001 569 1056 609 non

116 663 148 708 tu
167 651 285 725 quidem
299 667 405 708 vacuus
424 651 571 720 molestiis
587 651 639 708 sed
660 668 730 726 prae
750 650 834 707 nobis
856 651 968 706 beatus.
1010 650 1055 706 At·

117 768 173 824 que
188 747 245 806 hoc
266 749 330 822 ipso
348 748 449 805 melior
469 759 512 805 est
532 757 582 806 tua
599 766 687 823 quarn
706 756 805 805 nostra
819 747 968 824 condici0,
983 745 1057 823 quod

116 858 155 915 tu,
179 846 249 920 quid
270 846 373 916 doleat,
395 847 519 904 scribere
540 847 639 915 audes
661 863 716 904 nos
744 864 782 904 ne
803 846 833 904 id
854 846 977 921 quidem
1001 855 1057 902 tuto

117 961 281 1020 possumus,
307 961 361 1001 nec
388 944 418 1000 id
445 944 561 1002 victoris
588 945 665 1014 vitio,
689 940 748 1019 q'uo
775 943 846 1001 nihil
874 944 1057 1012 moderatius,

117 1041 170 1098 sed
197 1041 289 1114 ipsius
316 1041 459 1111 victoriae,
488 1058 563 1115 quae
596 1041 725 1098 civilibus
756 1041 838 1099 bellis
868 1058 988 1116 semper
1004 1050 1059 1098 est

117 1138 254 1196 insolens.
298 1157 323 1212 3.
346 1137 415 1194 Uno
443 1148 471 1195 te
499 1138 629 1208 vicimus,
658 1139 739 1213 quod
767 1138 803 1195 de
831 1137 975 1210 Marcelli,
1004 1139 1057 1197 col-

118 1236 200 1311 legae
218 1236 267 1305 tui,
286 1235 376 1292 salute
397 1235 485 1309 paulo
505 1245 571 1292 ante
591 1253 679 1310 quarn
700 1246 731 1293 tu
753 1237 955 1312 cognovimus,
978 1238 1058 1295 etiam

119 1332 281 1390 mehercule
301 1332 389 1408 quod,
405 1351 493 1407 quern
512 1332 549 1389 ad
570 1333 690 1390 modum
712 1351 747 1390 ea
767 1352 813 1391 res
834 1345 980 1408 ageretur,
995 1336 1058 1394 vidi-

120 1449 194 1488 mus.
237 1429 314 1487 Nam
336 1430 377 1487 sic
398 1429 443 1487 fac
465 1431 627 1488 existimes:
648 1441 716 1506 post
736 1431 789 1489 has
811 1431 952 1502 miserias,
971 1433 1000 1491 id
1021 1442 1059 1490 est

120 1535 289 1599 postquam
307 1523 395 1579 armis
414 1523 567 1598 disceptari
587 1535 724 1599 coeptum
741 1535 786 1582 est
804 1525 841 1582 de
856 1525 917 1582 iure
936 1527 1059 1602 publicu,

120 1621 190 1678 nihil
205 1638 268 1677 esse
284 1629 381 1676 actum
396 1619 472 1676 aliud
486 1639 554 1678 cum
569 1622 706 1696 dignitate
715 1641 723 1693 ;
745 1641 813 1680 nam
829 1632 857 1680 et
874 1624 940 1698 ipse
956 1623 1060 1682 Caesar

120 1727 255 1776 accusata
269 1717 422 1774 acerbitate
437 1716 649 1777 Marcelli—sic
664 1721 742 1776 enim
756 1721 1061 1796 appellabat-‘lauda-

120 1823 206 1888 taque
231 1811 522 1870 honorificentissime
544 1815 577 1870 'et
604 1815 747 1888 aequitate
774 1825 824 1872 tua
851 1824 880 1872 et
907 1815 1062 1890 prudentia

119 1920 238 1988 repente
266 1921 379 1984 praeter
401 1929 482 1984 spem
503 1910 582 1980 dixit,
604 1929 635 1969 se
657 1912 768 1969 senatui
788 1913 903 1986 roganti
925 1912 1061 1970 deMar·

121 2009 194 2067 cello
224 2026 261 2064 ne
288 2007 415 2064 hominis
444 2007 561 2082 quidem
590 2027 677 2066 causa
709 2019 889 2083 negaturum.
943 2010 1062 2069 Fecerat

122 2117 218 2165 autem
246 2105 304 2164 hoc
333 2114 457 2175 senatus,
479 2115 518 2176 ut,
540 2125 607 2164 curn
628 2125 646 2164 a
666 2106 700 2163 L.
720 2106 827 2164 Pisone
851 2109 965 2166 mentio
990 2118 1063 2166 esset

121 2207 197 2264 facta
218 2204 254 2262 de
275 2203 415 2261 Marcello
436 2213 465 2261 et
486 2203 519 2262 C.
534 2203 689 2262 Marcellus
709 2221 740 2262 se
759 2204 797 2262 ad
819 2203 954 2262 Caesaris
974 2205 1062 2281 pedes

122 2305 282 2372 abiecisset,
299 2313 432 2369 ,cunctus
465 2313 652 2378 consurgeret
680 2313 709 2360 et
740 2303 778 2361 ad
807 2302 966 2361 Caesarem
998 2323 1062 2380 sup·

122 2404 190 2478 plex
217 2401 375 2459 accederet.
418 2400 486 2458 Noli
514 2419 671 2476 quaerere:
706 2401 745 2458 ita
772 2401 842 2458 mihi
869 2401 991 2475 pulcher
1019 2403 1063 2460 hic

122 2502 183 2558 dies
204 2500 281 2557 visus
303 2509 354 2568 est,
375 2508 406 2555 ut
427 2499 555 2573 speciem
580 2500 705 2574 aliquam
727 2500 836 2558 viderer
860 2500 957 2559 videre
983 2502 1063 2578 quasi

122 2598 313 2656 reviviscentis
341 2598 381 2654 rei
409 2597 548 2672 publicae.
592 2616 619 2668 4.
642 2597 744 2673 ltaque
772 2616 839 2656 cum
864 2617 969 2658 omnes
997 2611 1063 2659 ante

121 2713 169 2753 me
193 2695 286 2769 rogati
310 2695 416 2769 gratias
439 2693 556 2753 Caesari
576 2695 703 2767 egissent
723 2706 836 2772 praeter
855 2695 1064 2756 Volcatium-

121 2794 146 2850 is
167 2793 254 2860 enim,
276 2792 299 2849 si
321 2810 356 2849 eo
378 2793 443 2850 loco
464 2801 549 2862 esset,
571 2794 686 2868 negavit
706 2811 738 2850 se
758 2792 900 2851 facturum
923 2793 1062 2866 fuisse—‚

122 2907 179 2966 ego
203 2897 320 2962 rogatus
348 2891 455 2946 mutavi
482 2908 581 2947 meum
605 2891 773 2949 consilium:
802 2909 872 2948 nam
888 2901 1062 2964 statueram,

123 3005 184 3046 non
203 2985 368 3044 mehercule
389 2988 497 3056 inertia,
513 2988 565 3045 sed
586 2987 729 3046 desiderio
750 2990 885 3063 pristinae
906 2990 1062 3064 dignitatis

122 3087 153 3143 in
180 3093 352 3161 perpetuum
379 3094 482 3142 tacere.
525 3084 621 3160 Fregit
648 3085 705 3143 hoc
733 3104 831 3144 meum
856 3088 1010 3145 consilium
1035 3099 1063 3147 et

123 3183 256 3242 Caesaris
284 3181 454 3256 magnitudo
482 3183 570 3238 animi
593 3192 622 3240 et
650 3191 766 3241 senatus
790 3184 933 3255 officium;
966 3187 1062 3262 itaque

124 3283 253 3358 pluribus
280 3280 373 3338 verbis
401 3280 447 3355 egi
475 3279 592 3338 Caesen
620 3282 734 3356 gratias,
762 3301 869 3358 meque
895 3293 995 3343 metuo
1024 3303 1062 3342 ne

125 3381 211 3438 etiam
231 3380 261 3438 in
282 3379 382 3438 ceteris
402 3379 487 3438 rebus
511 3378 634 3438 honesto
655 3380 715 3438 otio
735 3380 878 3453 privatim,
899 3383 981 3460 quod
1001 3393 1063 3443 erat
