2356 3810
171 210 233 278 174
331 249 336 257 .
436 209 474 261 m.
500 212 618 260 runnu
638 210 828 262 urounours
980 193 1050 291 [nn
1065 211 1109 262 m.

169 362 333 435 Tulliolam,
349 381 424 440 quae
445 365 530 423 nobis
551 373 650 423 nostra
663 365 722 425 vita
742 366 853 425 dulcior
872 374 923 436 est,
938 365 1063 444 deposui
1083 375 1110 426 et

168 463 257 533 eieci;
280 463 350 539 quid
361 481 464 521 causae
479 473 576 521 autem
587 463 679 532 fuerit,
690 465 830 539 postridie
844 465 978 536 intellexi,
990 485 1080 542 quam
1094 483 1110 523 a

168 560 251 618 vobis
262 560 398 619 discessi:
417 562 499 633 χολὴν
510 562 618 635 ἄκρατον
626 571 716 619 noctu
727 562 815 632 eleci3
833 561 929 619 statim
940 562 979 619 ita
991 581 1058 620 sum
1072 563 1110 620 le·

167 666 258 728 vatus,
272 667 304 715 ut
317 658 387 715 mihi
402 659 473 716 deus
487 657 590 734 aliquis
604 660 778 717 medicinam
793 658 896 717 fecisse
911 660 1051 731 videatur,
1066 661 1111 719 cui

168 756 285 830 quidem
299 765 331 812 tu
345 757 410 828 deo,
426 775 513 831 quem
533 756 570 814 ad
589 759 710 815 modum
725 757 811 827 soles,
826 758 874 833 pie
895 767 923 814 et
943 768 1022 816 caste
1043 759 1110 816 satis

168 852 255 911 facies
272 855 313 928 [id
333 864 377 912 est
395 854 524 930 Apollini
545 863 574 912 et
594 850 793 933 Aesculapio}
838 874 864 913 2.
887 853 1001 913 Navem
1023 873 1110 932 spero

167 969 224 1030 nos
237 952 319 1009 valde
338 953 447 1010 bonam
466 952 573 1010 habere
584 971 592 1024 3
614 952 644 1009 in
664 970 729 1009 eam
749 952 920 1029 simulatque
940 954 1110 1023 conscendi,

168 1048 240 1107 haec
265 1050 374 1125 scripsi.
415 1049 530 1108 Deinde
555 1051 739 1108 conscribam
760 1049 798 1108 ad
818 1061 934 1109 nostros
955 1050 1109 1109 familiares

168 1147 271 1206 multas
286 1147 432 1224 epistolas,
447 1148 551 1223 quibus
571 1157 599 1205 te
619 1159 646 1204 et
661 1147 817 1205 Tulliolam
836 1157 966 1206 nostram
989 1149 1110 1225 diligen-

168 1247 276 1304 tissime
291 1245 512 1304 commendabo.
548 1244 723 1304 Cohortarer
737 1264 798 1315 vos
809 1264 868 1320 quo
882 1247 981 1304 animo
992 1247 1109 1305 fortiore

168 1346 277 1415 essetIS,
302 1346 357 1403 nisi
380 1363 433 1402 vos
458 1345 590 1402 fortiores
616 1363 790 1420 cognossem
817 1362 906 1420 quam
931 1363 1109 1422 quemquam

146 1522 147 1525 Ἴ
168 1445 268 1501 virum.
310 1442 348 1500 Et
365 1452 463 1500 tamen
480 1443 540 1500 eius
554 1443 635 1501 modi
650 1460 735 1517 spero
749 1443 866 1517 negotia
880 1460 954 1512 esse,
968 1452 1001 1501 ut
1015 1454 1044 1502 et
1058 1462 1109 1502 vos

168 1543 230 1599 istic
252 1541 488 1599 commodissime
510 1559 624 1616 sperem
645 1558 709 1599 esse
734 1550 763 1598 et
787 1559 834 1598 me
859 1541 1015 1616 aliquando
1041 1561 1107 1600 cum

169 1640 307 1697 similibus
322 1638 412 1696 nostri
425 1657 486 1695 rem
500 1639 646 1713 publicam
661 1638 841 1697 defensuros.
877 1657 904 1712 3.
919 1640 968 1697 Tu
982 1640 1108 1715 prImum

168 1737 360 1794 valetudinem
381 1745 460 1793 tuam
480 1736 566 1793 velim
587 1754 686 1808 cures;
709 1737 822 1806 deinde,
841 1737 865 1794 si
885 1737 937 1794 tibi
957 1737 1108 1808 videbitur,

168 1835 239 1892 villis
271 1834 305 1891 iis
337 1843 425 1903 utere,
454 1852 529 1909 quae
561 1834 729 1909 longissime
762 1836 884 1893 aberunt
916 1853 934 1892 a
960 1835 1109 1894 militibus.

120 1967 122 1972 ,
168 1933 272 1990 Fundo
297 1931 429 2008 Arpinati
453 1933 528 1991 bene
555 1933 663 2008 poteris
691 1933 732 1990 uti
758 1951 825 1990 cum
852 1933 960 1991 familia
987 1934 1107 2004 urbana,

169 2032 193 2089 si
221 2048 338 2088 annona
365 2032 457 2088 carior
482 2031 572 2090 luerit.
619 2030 721 2089 Cicero
751 2030 924 2088 bellissimus
952 2031 1003 2088 tibi
1033 2032 1108 2089 salu-

168 2139 228 2186 tem
252 2128 403 2203 plurimam
428 2129 505 2188 dicit.
546 2128 642 2187 Etiam
666 2138 752 2205 atque
774 2129 862 2185 etiam
886 2128 956 2186 vale.
998 2127 1036 2187 D.
1058 2146 1108 2186 vu.

169 2227 240 2286 Idus
260 2227 325 2287 Iun.

353 2398 400 2454 76.
434 2394 491 2452 AD
509 2392 761 2452 FAMILIARES
779 2393 864 2452 VIII.
882 2406 927 2468 17.

311 2508 378 2569 Seu.
400 2509 509 2567 Rounn
530 2528 623 2567 nausa
644 2509 767 2568 Mnumo
789 2527 871 2570 nuc.
896 2508 963 2583 706.

460 2633 579 2675 cramus
599 2633 733 2674 c1cunou1
753 2633 814 2674 sm.

213 2748 239 2791 1.
269 2729 354 2791 Euoo
382 2749 430 2788 me
457 2731 552 2807 potius
579 2729 609 2786 in
637 2728 781 2804 Hispania
808 2729 895 2788 fuisse
928 2737 989 2786 tum
1018 2747 1108 2804 quam

168 2827 301 2898 Formiis,
330 2847 397 2887 cum
424 2839 455 2887 tu
482 2827 626 2904 proiectus
655 2845 686 2884 es
714 2827 752 2884 ad
778 2827 967 2903 Pompeiuml
1016 2826 1107 2898 Quod

168 2931 280 2986 utinam
294 2937 342 2984 aut
356 2927 469 3002 Appius
485 2925 622 2984 Claudius
636 2927 665 2982 in
679 2925 731 2982 hoc
739 2931 820 3000 parte
825 2924 935 3001 fucisci
946 2931 998 2981 aut
1006 2924 1035 2981 in
1051 2926 1109 2983 ista

168 3035 249 3103 parte
283 3024 316 3083 C.
346 3023 443 3094 Curio,
471 3025 551 3082 cuius
582 3023 706 3081 amicitia
732 3041 780 3080 me
807 3022 944 3097 paulatim
971 3021 1001 3078 in
1030 3021 1108 3080 hanc

168 3124 310 3203 perditam
338 3141 453 3181 causam
482 3123 637 3198 imposuit;
672 3139 741 3179 nam
773 3120 843 3178 mihi
875 3119 967 3178 sentio
994 3121 1106 3177 bonam

169 3234 297 3282 mentem
310 3221 457 3279 iracundia
471 3230 499 3278 et
514 3238 611 3278 amore
625 3219 757 3278 ablatam.
800 3218 847 3276 Tu
867 3236 963 3293 ponc,
980 3236 1047 3275 cum
1068 3219 1107 3277 ad

169 3333 197 3381 te
216 3321 400 3397 proficiscens
414 3317 546 3375 Arimino
566 3327 655 3375 noctu
675 3317 825 3387 venissem,
841 3315 910 3373 dum
931 3315 1001 3372 mihi
1023 3315 1105 3390 pacis

168 3421 305 3479 mandata
319 3420 371 3477 das
386 3416 423 3476 ad
437 3415 591 3476 Caesarem
606 3425 634 3474 et
652 3415 803 3474 mirificum
823 3414 913 3473 civem
932 3414 1002 3489 agis,
1017 3414 1104 3471 amici
