2356 3810
59 253 105 316 ap.
120 237 162 320 a]
270 253 385 302 ωηεν.
407 252 457 301 nu
478 253 646 303 arricum
665 255 690 304 1.
717 239 767 304 16.
963 257 1001 305 21

59 407 271 484 promulgavit:
300 408 340 467 ita
362 409 480 468 comitia
500 410 531 467 in
552 428 577 468 a
598 410 625 468 d.
645 429 684 469 vr.
726 408 791 468 Kal⁴
817 356 1004 470 thtdilata

60 515 138 563 sunt.
180 505 256 566 Novi
281 517 325 565 est
349 507 379 564 in
402 507 466 582 lege
490 507 557 578 hoc,
576 519 609 566 ut
631 509 681 584 qui
702 525 840 566 nummos
861 509 892 565 in
913 508 1003 565 tribus

60 604 263 679 pronuntiarit,
279 605 302 662 si
324 623 385 663 non
408 605 529 760 dedegip,
543 606 663 682 impune
688 606 740 678 sit3
772 605 817 663 sin
839 605 957 675 dederit,
970 614 1003 661 ut

61 700 162 776 quoad
188 702 263 759 vivat
291 703 411 777 singulis
438 704 474 760 tri
494 704 569 761 ubus
591 703 654 761 HS.
678 719 723 762 cm
748 718 794 761 cm
816 718 860 761 cm
890 703 1003 762 debeat.

60 796 132 854 Dixi
145 796 220 856 hanc
233 799 328 874 legem
343 799 374 858 P.
390 798 527 858 Clodium
542 800 600 856 iarn
619 809 685 857 ante
706 817 853 871 servasse;
874 816 1004 874 pronun⁴

60 896 133 953 tiare
148 896 225 954 enim
252 897 369 955 solitum
397 915 460 955 esse
476 906 504 955 et
532 915 591 955 non
621 897 697 954 dare.
755 895 814 954 Sed
849 896 921 954 heus
955 896 1003 952 tul

60 993 181 1051 videsne
209 994 391 1052 consulatum
418 995 499 1052 illurn
526 1005 666 1063 nostrum,
694 1012 783 1069 quem
807 992 895 1051 Curio
920 1004 1004 1051 antea

60 1092 207 1146 ἀποθέωσιν
219 1092 351 1161 vocabat,
367 1092 390 1150 si
410 1092 458 1150 hic
479 1093 573 1150 faetus
591 1093 651 1161 erit,
667 1091 765 1149 fabam
785 1091 908 1148 mimum
928 1091 1004 1148 lutu-

60 1185 147 1242 rum?
175 1202 232 1260 qua
253 1204 291 1255 re,
313 1195 345 1242 ut
366 1185 479 1261 opinor,
498 1186 700 1258 φιλοσοφητέον,
723 1184 752 1244 id
773 1185 852 1260 quod
873 1195 904 1243 tu
924 1184 1003 1256 sacis,

60 1289 91 1335 et
105 1279 178 1336 istos
194 1279 361 1337 consulatus
380 1297 442 1336 non
456 1279 541 1337 flocci
562 1279 684 1336 facteon.
730 1297 775 1349 14,
790 1278 880 1349 Quod
900 1279 937 1336 ad
956 1297 1004 1336 me

61 1373 173 1442 scribiS,
187 1382 215 1430 te
229 1373 259 1429 in
273 1373 374 1430 Asiam
395 1373 529 1430 statuisse
549 1391 610 1429 non
625 1373 674 1442 ire,
689 1372 825 1448 equidem
845 1372 959 1429 mallem
974 1383 1005 1430 ut

61 1467 129 1536 ires
144 1485 178 1524 ac
194 1484 296 1525 vereor
316 1485 353 1524 ne
372 1467 443 1542 quid
464 1467 494 1524 in
515 1467 569 1524 ista
590 1485 620 1524 re
641 1467 737 1525 minus
759 1467 913 1525 commode
934 1467 983 1524 fiat
994 1486 1003 1539 3

61 1565 117 1623 sed
141 1573 239 1622 tamen
266 1581 328 1623 non
354 1583 476 1641 possum
500 1564 709 1640 reprehendere
738 1564 890 1622 consilium
914 1575 1004 1636 tuum,

60 1663 232 1739 praesertim
249 1680 316 1722 curn
335 1671 452 1739 egomet
466 1663 495 1719 in
510 1662 688 1738 provinciam
702 1679 763 1720 non
780 1662 834 1719 sim
848 1661 1004 1738 profectus

65 1776 112 1834 15.
133 1759 356 1835 Epigrammatis
376 1761 442 1830 tuis,
464 1779 538 1837 quae
559 1762 589 1817 in
606 1759 760 1828 Amaltheo
781 1760 912 1835 posuisti,
935 1777 1004 1817 con-

61 1859 134 1916 tenti
149 1859 263 1925 erimus,
278 1859 447 1932 praesertim
466 1877 534 1916 cum
552 1868 581 1915 et
595 1857 727 1933 Thyillus
748 1875 802 1916 nos
819 1857 963 1933 reliquerit
977 1869 1005 1914 et

61 1955 186 2014 Archias
213 1955 283 2012 nihil
310 1955 347 2014 de
371 1973 418 2013 me
447 1955 599 2030 scripserit,
625 1973 783 2013 aevereor
806 1974 852 2026 ne,
877 1955 1004 2013 Lucullis

61 2055 203 2131 quoniam
217 2053 361 2112 Graecum
381 2059 488 2130 poe‘ma
502 2053 640 2123 condidit,
655 2071 734 2110 nunc
753 2052 791 2110 ad
810 2051 1004 2127 Caecilianam

61 2151 190 2209 fabulam
214 2160 333 2226 spectet.
388 2151 433 2208 16.
463 2149 593 2207 Antonio
619 2160 669 2206 tuo
692 2150 811 2207 nomine
833 2149 938 2224 gratias
957 2151 1004 2224 egi

61 2266 187 2325 eamque
210 2247 363 2323 epistolam
382 2245 484 2305 Mallio
503 2247 588 2318 dedi;
616 2246 654 2304 ad
676 2257 704 2304 te
724 2246 789 2304 ideo
811 2257 894 2304 antea
914 2247 1004 2304 rarius

61 2346 173 2420 scripsi,
185 2344 265 2420 quod
279 2362 339 2402 non
353 2343 497 2402 habebam
513 2343 659 2414 idoneum,
674 2344 721 2401 cui
735 2343 843 2414 darem,
859 2363 913 2402 nec
935 2347 1003 2403 satis

61 2444 198 2511 sciebam,
207 2460 267 2518 quo
282 2442 389 2500 darem.
431 2441 525 2500 Valde
539 2451 567 2500 te
581 2441 732 2500 venditavi.
779 2455 825 2516 17.
846 2440 965 2500 Cincius
980 2444 1004 2501 si

60 2539 132 2617 quid
154 2538 191 2596 ad
213 2557 260 2596 me
284 2540 326 2597 tui
349 2538 457 2614 negotii
481 2539 620 2609 detulerit,
647 2539 818 2614 suscipiam;
851 2540 903 2598 sed
926 2559 1004 2598 nunc

60 2637 156 2712 magis
178 2636 207 2693 in
228 2654 282 2694 suo
307 2645 351 2693 est
370 2647 538 2711 occupatus,
553 2637 583 2693 in
603 2653 662 2712 quo
687 2654 743 2712 ego
763 2637 790 2694 ei
810 2654 871 2695 non
892 2638 1003 2696 desum.

61 2735 120 2804 Tu,
145 2735 169 2792 si
190 2752 251 2792 uno
274 2734 304 2791 in
328 2733 395 2792 loco
417 2753 448 2792 es
470 2735 588 2800 futurus,
609 2737 724 2793 crebras
748 2753 766 2793 a
787 2737 871 2795 nobis
896 2736 1003 2795 litteras

60 2842 215 2907 exspecta;
241 2842 284 2889 ast
297 2831 394 2906 plures
411 2833 498 2890 etiam
518 2833 579 2907 ipse
601 2833 714 2891 mittito
768 2836 812 2890 18.
844 2833 940 2892 Velim
965 2854 1003 2895 aa

59 2948 109 2988 me
131 2930 248 3000 scribas,
269 2930 351 2987 cuius
373 2930 454 2986 modi
476 2931 511 2987 sit
527 2931 679 3001 Ἀμολθεῖον
700 2941 789 3001 tuum,
812 2949 870 3007 quo
891 2944 1002 3004 ornatu,

60 3045 120 3105 qua
146 3028 292 3098 τοποθεσίᾳ,
321 3036 349 3084 et
377 3043 452 3101 quae
479 3033 615 3102 poemata
642 3046 771 3103 quasque
803 3028 937 3087 historias
965 3031 1003 3088 de

58 3126 199 3195 Ἀμαλθείᾳ
211 3123 301 3182 habes
315 3125 353 3182 ad
366 3143 414 3181 me
429 3125 542 3182 mittas:
563 3126 643 3182 lubet
661 3126 731 3183 mihi
752 3125 846 3184 facere
867 3127 896 3184 in
916 3127 1004 3204 Arpiss

59 3222 129 3279 nati.
171 3220 237 3297 Ego
252 3222 302 3280 tibi
317 3220 425 3298 aliquid
439 3221 476 3279 de
491 3223 563 3280 meis
577 3223 690 3300 scriptis
709 3224 836 3283 mittam:
858 3225 928 3282 nihil
942 3236 1004 3283 erat

60 3319 195 3378 absoluti
230 3338 234 3346 ·
