2348 3788
114 215 156 278 up„
174 197 230 282 sal:
337 211 829 267 uprsT.Ao,ATrrctJMV1.r2.
994 214 1056 282 ιη

112 372 270 439 quaternas
287 361 413 420 habebat
433 363 463 420 in
477 361 648 438 syngrapha.
692 361 766 419 Fieri
780 379 840 418 non
854 369 975 436 poterat,
990 380 1053 431 nec,

112 460 138 518 si
166 469 275 535 posset,
299 477 356 534 ego
380 460 439 535 pati
466 477 594 534 possem.
635 460 733 518 Audio
760 459 881 517 omnino
906 458 1054 534 Scaptium

112 558 276 634 paenitere3
298 575 366 614 nam
387 557 466 633 quod
486 567 602 616 senatus
624 557 787 616 consultum
806 575 869 616 esse
888 557 1010 626 dicebat,
1024 566 1056 613 ut

113 657 159 713 ius
178 672 217 712 ex
237 654 401 729 syngrapha
421 654 569 724 diceretur,
584 672 621 711 eo
641 655 762 712 consilio
781 653 889 712 sactum
910 664 961 723 est,
976 651 1057 727 quod

114 753 271 828 pecuniam
287 750 433 810 Salaminii
453 763 555 810 contra
573 751 667 828 legem
683 751 839 810 Gabiniam
858 761 1055 826 sumpserant;

115 850 231 906 vetabat
251 858 348 906 autem
364 849 433 906 Auli
452 849 498 906 lex
519 849 563 906 ius
584 850 640 906 dici
661 849 698 906 de
719 850 759 906 ita
779 857 894 923 sumpta
913 849 1053 923 pecunia:

114 947 241 1005 decrevit
255 946 341 1022 igitur
355 956 481 1014 senatus,
497 956 527 1003 ut
540 947 584 1003 ius
599 947 739 1004 diceretur
758 964 796 1003 ex
813 945 869 1004 ista
883 945 1056 1022 syngrapha.

115 1045 204 1104 Nunc
219 1044 272 1101 ista
285 1043 371 1100 habet
391 1044 462 1100 iuris¹
478 1043 565 1112 idern,
580 1043 661 1118 quod
681 1055 801 1113 ceterae,
817 1042 887 1100 nihil
903 1044 1056 1118 praecipui.

116 1146 144 1200 8.
166 1141 251 1199 Haec
272 1160 290 1199 a
310 1159 357 1198 me
378 1141 479 1198 ordine
499 1139 576 1198 facta
594 1151 665 1216 puto
685 1159 733 1198 me
752 1140 842 1198 Bruto
860 1141 1057 1216 probaturum,

115 1241 167 1300 tibi
183 1240 301 1310 nescio;
324 1237 429 1296 Catoni
444 1247 520 1295 certe
535 1237 675 1312 probabo.
718 1237 777 1296 Sed
791 1237 849 1294 iarn
863 1237 901 1294 ad
920 1247 949 1295 te
962 1238 1057 1312 ipsum

116 1348 258 1398 revertor:
280 1337 328 1394 ain
349 1335 476 1405 tandem,
491 1335 595 1404 Attice,
610 1335 742 1392 laudator
762 1335 932 1410 integritatis
952 1344 981 1393 et
1001 1335 1057 1393 ele-

116 1437 233 1516 gantiae
248 1444 371 1504 nostrae,

385 1553 450 1585 ausus
467 1553 490 1586 es
507 1537 552 1585 hoc
568 1552 597 1585 ex
614 1552 653 1585 ore
669 1548 711 1585 tuo
723 1563 756 1574 -
766 1563 807 1589 -.

116 1649 210 1727 inquit
224 1648 346 1719 Ennius,
360 1656 393 1705 ut
406 1647 517 1722 equites
537 1645 658 1721 Scaptio
673 1646 710 1704 ad
728 1646 882 1722 pecuniam
896 1648 1059 1723 cogendam

116 1750 226 1816 darem,
248 1762 296 1804 me
320 1746 444 1821 rogare?
474 1761 512 1801 an
536 1754 568 1801 tu
592 1744 617 1802 si
638 1761 755 1801 mecum
779 1762 867 1815 esses,
889 1746 938 1821 qui
960 1747 1059 1805 scribis

116 1844 244 1906 morderi
263 1854 291 1901 te
312 1842 464 1912 interdum,
480 1841 559 1918 quod
579 1858 641 1899 non
663 1840 747 1898 simul
762 1841 810 1910 sis,
825 1851 955 1916 paterere
968 1862 1016 1902 me
1030 1845 1062 1903 id

118 1943 223 2011 facere,
245 1941 270 1998 si
290 1939 412 1998 vellem?
438 1943 515 1996 ‘non
536 1935 677 2012 amplius'
699 1937 795 2011 inquis
818 1939 1060 2015 ‘quinquaginta'

118 2039 197 2098 Cum
212 2037 353 2113 Spartaco
368 2036 464 2093 minus
482 2033 564 2091 multi
584 2033 679 2109 primo
699 2032 831 2093 suerunt:
854 2035 923 2112 quid
944 2037 1060 2095 taudem

117 2136 165 2195 isti
178 2135 248 2192 mali
261 2135 291 2191 in
305 2143 365 2191 tam
378 2143 478 2191 tenera
491 2130 585 2189 insula
598 2148 660 2188 non
673 2129 831 2190 iecissent?
851 2151 912 2190 non
927 2133 1061 2193 fecissent

118 2233 236 2293 autem?
257 2232 348 2289 immo
365 2230 439 2306 quid,
457 2239 523 2287 ante
542 2227 696 2288 adventum
718 2246 815 2287 meum
836 2246 897 2288 non
912 2230 1064 2290 fecerunt?¹

118 2330 268 2390 Inclusum
296 2329 326 2385 in
354 2328 433 2386 curia
460 2336 592 2384 senatum
617 2325 782 2384 habuerunt
808 2327 995 2386 Salaminium
1022 2328 1062 2386 ita

117 2427 227 2486 multos
241 2425 310 2494 dies,
326 2433 357 2482 ut
370 2424 525 2482 interierint
539 2441 601 2481 non
614 2423 684 2480 nulli
699 2423 775 2482 fame
783 2442 792 2496 ;
814 2435 875 2484 erat
888 2425 967 2482 enim
980 2443 1063 2500 prae·

118 2526 211 2583 iectus
232 2522 320 2598 Appii
343 2520 474 2596 Scaptius
495 2529 524 2580 et
544 2521 669 2580 habebat
690 2532 798 2580 turmas
819 2524 856 2581 ab
876 2521 983 2598 Appio.
1025 2520 1062 2580 Id

118 2641 167 2680 me
189 2621 274 2696 igitur
294 2630 334 2686 tu,
349 2619 430 2677 cuius
451 2617 614 2677 mehercule
635 2637 669 2678 os
689 2620 759 2677 mihi
780 2630 847 2679 ante
868 2620 969 2678 oculos
991 2619 1063 2678 solet

118 2719 234 2787 versari,
260 2735 327 2775 cum
349 2715 385 2774 de
406 2715 502 2792 aliquo
531 2716 626 2774 officio
651 2735 686 2775 ac
710 2717 795 2774 laude
820 2718 927 2792 cogito,
952 2726 983 2776 tu
1005 2735 1062 2786 me,

119 2817 248 2892 inquam,
276 2830 372 2888 rogae,
400 2813 564 2889 praefectus
592 2823 625 2872 ut
654 2814 786 2890 Scaptius
815 2815 869 2872 sit?
904 2815 974 2873 alias
1006 2813 1063 2873 hoc

119 2924 319 2982 statueramus,
333 2922 365 2969 ut
384 2911 594 2986 negotiatorem
613 2913 769 2982 neminem,
784 2911 873 2987 idque
892 2909 982 2989 Bruto
996 2929 1063 2987 pro-

118 3009 298 3066 baveramus.
341 3005 459 3064 Habeat
476 3005 501 3062 is
520 3007 649 3064 turmas?
670 3023 721 3063 cur
742 3006 839 3080 potius
854 3023 943 3081 quam
958 3005 1063 3062 cohor-

119 3105 184 3164 tes?
217 3113 334 3179 sumptu
356 3104 414 3160 iam
442 3120 535 3177 nepos
560 3103 653 3161 evadit
682 3102 824 3178 Scaptius.
867 3122 895 3178 9.
917 3100 1063 3160 ‘Volunt'

119 3201 213 3279 inquit
239 3199 419 3278 ‘principes'
463 3199 548 3260 Scio:
577 3219 646 3258 nam
670 3201 708 3258 ad
728 3219 777 3258 me
799 3200 951 3278 Ephesum
974 3218 1065 3275 usque

119 3309 261 3359 uenerunt
288 3297 449 3373 flentesque
474 3298 603 3375 equitum
637 3298 745 3357 scelera
775 3308 804 3358 et
835 3298 964 3356 miserias
997 3315 1065 3355 suas

121 3398 302 3470 detulerunt,
337 3397 433 3473 itaque
463 3396 560 3454 statim
593 3395 659 3454 dedi
695 3396 810 3468 litteras,
837 3405 869 3456 ut
898 3413 935 3455 ex
966 3393 1065 3475 Cypro

566 3508 579 3552 1
