2348 3788
76 214 119 275 sp.
132 210 173 275 64,
189 197 245 280 ⁶5]
300 207 414 261 nezer.
433 209 484 257 An
505 207 670 257 arricum
688 206 737 265 rx,
756 211 804 261 ra.
957 207 1016 278 157

77 369 266 427 concordiam
282 386 335 444 per
348 377 377 426 te
391 386 480 444 quarn
494 365 831 426 accommodatissimum
845 364 1016 424 conservari.

76 467 154 542 Eg0,
170 486 237 526 cum
251 477 335 525 antea
349 467 400 524 tibi
414 467 451 525 de
470 465 595 524 Lentulo
616 466 722 541 gratias
741 464 876 539 egissem,
891 464 972 539 quod
991 463 1017 521 ei

77 566 171 636 saluti,
192 564 242 641 qui
264 563 335 620 mihi
355 563 455 634 luerat,
476 563 587 633 luisseS,
607 573 706 621 tamen
727 562 808 621 lectis
828 562 889 620 eius
909 561 1017 631 litteris,

77 680 150 736 quas
171 661 276 719 adme
297 662 459 736 gratissimo
482 661 580 718 animo
605 660 642 718 de
666 669 716 718 tua
739 659 904 717 liberalitate
928 659 1018 716 bene·

78 761 204 836 licioque
223 761 308 831 misit,
323 761 447 818 eandem
465 778 513 817 me
532 759 652 817 salutem
671 768 735 816 ate
755 759 901 832 accepisse
917 756 1023 832 putavi

78 877 166 934 quam
188 859 232 916 ille
239 877 247 929 ;
276 859 307 915 in
328 876 415 934 quem
436 857 460 915 si
480 876 528 916 me
548 856 690 931 intellegis
711 873 774 914 esse
795 864 917 931 gratum,
939 872 1017 925 cura,

78 957 211 1028 obsecro,
224 965 257 1012 ut
271 956 357 1013 etiam
371 956 401 1012 in
416 954 588 1030 Pompeium
602 972 666 1011 esse
680 954 800 1029 possim.

298 1106 346 1160 65.
387 1099 443 1158 ΑΙ)
464 1099 659 1158 ATTICUM
679 1099 733 1157 IX.
755 1117 800 1159 12.

81 1214 146 1275 Son.
162 1234 193 1274 nr
213 1215 369 1275 Founmuo
386 1234 413 1273 n.
429 1233 456 1273 n.
471 1233 519 1273 xn.
535 1214 695 1272 Klnnnnns
709 1215 836 1273 Amnes
857 1232 938 1276 nnc.
952 1227 967 1290 7
993 1229 1019 1290 5.

393 1339 497 1381 crcrrno
518 1338 624 1380 lrrrco
645 1338 707 1380 sen.

125 1455 149 1494 1.
171 1435 316 1494 Lnurrnsn
339 1444 403 1494 tuas
428 1435 534 1493 litteras
558 1454 617 1493 xm.
641 1434 689 1506 K.,
709 1453 776 1494 cum
798 1434 869 1493 mihi
897 1434 1019 1510 epistola

81 1534 207 1593 adfertur
220 1552 238 1591 a
256 1532 357 1608 Lepta,
372 1533 614 1591 circumvallatum
634 1552 697 1592 esse
716 1533 897 1610 Pompeium,
912 1533 1021 1591 ratibus

82 1633 170 1701 etiam
190 1632 283 1688 exitus
304 1641 404 1706 portus
425 1631 534 1689 teneri:
557 1648 617 1688 non
637 1631 853 1690 mediusfidius
872 1649 941 1706 prae
963 1631 1021 1688 lac·

82 1731 162 1788 rimis
181 1747 303 1804 possum
321 1731 428 1806 reliqua
447 1748 502 1788 nec
521 1731 647 1805 cogitare
662 1749 717 1788 nec
731 1732 864 1789 scribere.
900 1730 969 1788 Misi
984 1730 1021 1788 ad

82 1838 111 1885 te
126 1827 300 1903 exemplum.
343 1825 468 1884 Miseros
483 1829 554 1885 nosl
576 1845 627 1884 cur
640 1845 702 1885 non
716 1845 819 1885 omnes
838 1827 929 1886 fatum
947 1828 1021 1886 illius

83 1943 143 1982 una
161 1924 288 1981 exsecuti
308 1924 427 1981 sumus?
467 1922 545 1982 Ecce
565 1934 662 1981 autem
680 1943 698 1981 a
719 1923 812 1983 Matio
833 1934 863 1982 et
882 1927 1022 1984 Trebatio

83 2022 195 2091 eadem,
211 2021 314 2096 quibus
334 2020 489 2078 Minturnis
510 2022 587 2079 obvii
608 2020 740 2081 Caesaris
761 2023 907 2080 tabellarii
946 2023 1022 2081 Tor·

84 2136 176 2196 queor
198 2118 304 2188 infelix,
326 2128 358 2176 ut
379 2119 436 2175 iam
457 2118 537 2176 illum
557 2117 728 2176 Mucianum
748 2120 856 2177 exitum
877 2131 1023 2197 exoptem.

84 2219 124 2275 At
145 2234 233 2291 quam
254 2215 385 2286 honesta,
407 2225 436 2274 at
456 2234 544 2291 quam
565 2216 699 2292 expedita
719 2225 769 2275 tua
789 2218 916 2289 consilia,
936 2237 1024 2295 quarn

84 2315 217 2390 evigilata
231 2315 286 2372 tuis
301 2314 525 2389 cogitationibus
539 2331 597 2390 qua
615 2314 731 2384 itineris,
747 2332 805 2390 qua
824 2315 1023 2390 navigationis

85 2431 144 2488 qua
164 2429 338 2486 congressus
359 2410 559 2486 sermonisque
580 2429 647 2468 curn
668 2409 808 2470 Caesarel
834 2413 933 2471 omnia
957 2432 1025 2472 cum

85 2511 216 2578 honesta,
243 2519 304 2567 turn
332 2520 424 2567 cauta.
472 2507 508 2566 In
535 2507 656 2584 Epirum
684 2526 753 2567 vero
781 2510 909 2569 invitatio
936 2530 1026 2588 quam

87 2608 189 2676 suavis
211 2624 299 2681 quam
319 2606 450 2675 liberalis,
472 2624 561 2681 quam
582 2606 721 2665 fraterna!
766 2627 792 2666 2.
816 2606 862 2667 De
882 2608 1025 2686 Dionysio

87 2725 152 2765 sum
172 2705 336 2774 admiratus,
351 2705 400 2779 qui
419 2705 497 2779 apud
515 2722 562 2761 me
581 2704 747 2764 honoratior
765 2705 818 2764 fuit
838 2724 926 2784 quarn
947 2708 1026 2784 apud

88 2803 257 2878 Scipionem
289 2801 449 2871 Panaetius,
479 2819 496 2858 a
524 2819 582 2877 quo
610 2802 803 2878 impurissime
830 2802 901 2863 haec
928 2816 1027 2863 nostra

87 2901 204 2957 fortuna
224 2898 361 2974 despecta
382 2908 435 2956 est.
477 2896 536 2957 Odi
560 2898 711 2957 hominem
734 2910 763 2958 et
786 2900 894 2973 odero;
915 2903 1027 2962 utinam

88 2997 187 3055 ulcisci
200 2999 335 3071 posseml
357 2996 408 3054 sed
422 2996 501 3054 illum
515 2996 689 3054 ulciscentur
701 3015 798 3056 mores
813 2999 866 3058 sui.

132 3114 159 3169 3.
181 3094 239 3164 Tu,
254 3111 371 3171 quaeso,
387 3112 465 3153 nunc
478 3094 524 3152 vel
541 3095 675 3167 maxime,
690 3096 760 3171 quid
778 3097 925 3174 agendum
943 3098 1028 3158 nobis

89 3194 134 3262 sit,
163 3192 268 3266 cogita.
313 3192 417 3267 Populi
445 3191 572 3250 Romani
600 3194 741 3252 exercitus
774 3193 827 3254 Cn.
856 3195 1029 3271 Pompeium

91 3291 290 3361 circumsedet,
306 3289 386 3347 fossa
404 3299 433 3348 et
449 3291 524 3349 vallo
544 3302 676 3367 saeptum
695 3301 782 3362 tenet,
797 3292 866 3368 fuga
879 3293 1027 3369 prohibet:

91 3405 147 3446 nos
161 3388 280 3446 vivimus
295 3400 323 3446 et
337 3397 391 3446 stat
405 3388 473 3447 urbs
487 3389 540 3448 ista
548 3408 556 3460 ;
572 3401 720 3466 praetores
734 3391 778 3448 ius
794 3389 891 3450 dicunt
899 3410 907 3464 ;
923 3391 1030 3452 aediles
