2348 3788
115 182 177 265 256
370 193 409 241 M.
435 193 553 242 runnu
575 194 761 242 crcunours
940 178 1008 264 [ears
1029 197 1057 245 v,

116 351 221 410 deinde
237 351 286 429 qui
301 361 329 409 et
343 361 393 408 me'
405 362 433 409 et
452 370 513 408 rem
532 350 677 426 publicam
691 350 835 409 vindicare
853 351 885 408 in
899 350 1056 417 libertatem

115 459 231 526 paratus
253 450 317 507 sim.
360 450 386 506 6.
411 447 502 519 Quod
520 448 688 506 familiarem
708 467 806 506 meum
821 449 850 505 in
869 458 988 507 tuorum
1008 469 1056 506 nu·

115 565 197 605 mero
219 546 318 616 habeS,
341 546 479 620 opinione
504 555 553 603 tua
573 545 642 602 mihi
663 546 771 621 gratius
792 556 852 618 est;
883 547 1001 605 invideo
1022 547 1055 604 illi

115 657 221 720 tamen,
237 643 316 719 quod
335 644 463 700 ambulat
482 653 510 702 et
528 644 638 701 iocatur
649 637 761 702 tecum.
803 643 945 716 Quaeres
962 644 1056 722 quanti

115 744 148 800 id
167 742 336 801 aestimem?
379 740 410 799 Si
437 736 576 817 umquam
601 742 710 799 licuerit
734 744 827 800 vivere
854 743 886 800 in
913 744 986 813 otio,
1011 761 1056 800 ex·

115 841 249 917 perieris;
271 839 383 896 nullum
400 840 479 896 enim
498 822 652 914 vestigium¹
664 841 720 898 abs
741 851 768 898 te
788 841 969 899 discessurus
988 859 1054 898 sum.

116 938 192 996 Illud
203 937 386 995 vehementer
400 936 534 1007 admiror,
545 954 606 994 non
621 939 768 1013 scripsisse
782 949 810 996 te
821 939 900 1009 mihi,
912 938 1055 997 manendo

116 1040 146 1094 in
157 1036 308 1111 provincia
322 1053 361 1092 an
375 1034 511 1092 ducendo
525 1035 682 1092 exereitum
696 1037 725 1092 in
740 1036 852 1094 Italiam
866 1038 908 1094 rei
927 1037 1055 1112 publicae

116 1134 209 1208 magis
231 1133 299 1191 satis
320 1133 415 1190 facere
436 1131 563 1208 possim:
585 1149 641 1207 ego
663 1134 790 1209 quidem,
805 1136 857 1192 etsi
879 1134 952 1191 mihi
973 1135 1056 1191 tutius

117 1251 151 1291 ac
171 1232 267 1288 minus
288 1230 463 1288 laboriosum
485 1240 530 1289 est
550 1249 676 1301 manere,
694 1241 800 1302 tamen,
815 1233 884 1308 quia
905 1233 992 1290 video
1012 1231 1055 1289 tali

116 1341 249 1404 tempore
272 1328 480 1403 multomagis
503 1329 665 1404 legionibus
690 1347 764 1405 opus
790 1348 853 1388 esse
878 1349 970 1406 quam
994 1347 1056 1405 pro·

118 1427 225 1496 vinciis,
244 1444 318 1503 quae
337 1427 505 1502 praesertim
526 1426 677 1502 reciperari
697 1427 776 1485 nullo
796 1429 915 1502 negotio
937 1428 1055 1502 possint,

119 1526 261 1594 constitui,
284 1535 315 1582 ut
336 1543 414 1582 nunc
434 1533 486 1594 est,
509 1544 576 1582 cum
597 1527 724 1583 exercitu
748 1525 901 1600 proficisci.
924 1513 1061 1584 'Deinde

118 1643 154 1679 ex
179 1623 284 1692 litteris,
311 1639 384 1696 quas
412 1622 524 1680 Pansae
552 1623 625 1692 misi,
650 1641 812 1698 cognosces
840 1624 960 1693 omnia,·
992 1642 1056 1681 nam

118 1723 169 1781 tibi
184 1739 283 1779 earum
299 1721 446 1796 exemplar
460 1722 532 1779 misi.
575 1741 642 1780 xvu.
658 1722 724 1782 Kal.
739 1723 829 1798 April.
846 1721 994 1782 Corduba.

320 1865 385 1921 130.
427 1860 485 1919 nn
506 1837 757 1920 siturumuns
779 1863 815 1921 x.
838 1865 864 1921 6.
952 1943 954 1946 ι

228 1976 302 2052 Seu.
325 1976 433 2036 Rounn
448 1994 507 2034 run.
529 1976 605 2034 KAL.
622 1976 748 2034 Anninus
770 1995 852 2038 luc.
875 1989 945 2052 711.
968 1997 971 2002 ·

471 2103 573 2144 crcnno
593 2102 711 2143 eunuco.

166 2210 190 2250 1.
212 2190 300 2262 Quas
322 2191 435 2250 locutus
457 2201 501 2248 est
520 2191 643 2248 Furnius
664 2200 761 2248 noster
783 2191 819 2249 de
840 2193 939 2250 animo
961 2205 1011 2253 tuo
1032 2195 1060 2253 in

122 2291 359 2366 rempublicam,
382 2308 416 2347 ea
436 2290 598 2365 gratissima
625 2288 739 2348 fuerunt
761 2292 872 2348 senatui
893 2294 1061 2369 populoque

125 2391 260 2446 Romano
275 2388 495 2462 probatissima;
518 2405 592 2462 quae
606 2398 701 2445 autem
715 2389 848 2446 recitatae
866 2376 977 2448 litterae
996 2402 1062 2450 sunt

124 2490 154 2546 in
183 2496 286 2549 senatu
314 2503 499 2559 nequaquam
527 2487 688 2542 consentire
716 2505 782 2544 eum
810 2488 907 2545 Furnii
931 2490 1062 2547 oratione

123 2586 200 2641 visae
223 2592 305 2640 sunt:
337 2583 417 2658 pacis
440 2584 516 2640 enim
542 2594 641 2640 auctor
664 2601 736 2653 eras,
760 2603 826 2642 cum
850 2585 963 2660 collega
988 2597 1070 2656 tuus,-

123 2684 164 2740 vir
186 2680 369 2750 clarissimus,
391 2699 408 2738 a
427 2679 599 2739 foedissimis
624 2681 780 2740 latronibus
801 2683 990 2755 obsideretur,
1013 2687 1062 2761 qui

123 2790 172 2839 aut
188 2778 288 2855 positis
311 2779 397 2837 armis
415 2797 518 2854 pacem
537 2791 633 2855 petere
655 2781 761 2838 debent
780 2790 838 2852 aut,
854 2781 878 2838 si
897 2795 1062 2856 pugnantes

125 2897 189 2937 earn
210 2876 366 2951 postulant,
385 2877 501 2935 victoria
521 2897 587 2954 pax,
609 2895 670 2935 non
690 2879 826 2953 pactione
848 2879 988 2953 parienda
1009 2895 1062 2942 est.

125 2975 183 3035 Sed
198 2975 234 3032 de
248 2992 321 3048 pace
336 2974 444 3032 litterae
459 2976 502 3033 vel
522 2976 624 3050 Lepidi
643 2975 687 3033 vel
706 2985 771 3033 tuae
791 2993 878 3051 quam
898 2977 927 3032 in
949 2991 1063 3052 partem

124 3083 260 3148 acceptae
280 3074 342 3142 sint,
358 3092 394 3130 ex
409 3075 468 3132 viro
487 3075 607 3149 optimo,
623 3074 707 3131 fratre
725 3082 784 3144 tuo,
800 3084 829 3132 et
847 3093 883 3132 ex
903 3073 937 3132 C.
952 3076 1063 3138 Furnio

123 3172 232 3248 poteris
251 3189 438 3246 cognoscere.
481 3191 506 3230 2.
529 3171 579 3229 Me
601 3183 697 3230 autem
714 3172 825 3246 impulit
844 3173 884 3229 tui
899 3174 1002 3233 caritas
1022 3190 1064 3248 ut,

124 3287 301 3344 quamquam
332 3288 386 3328 nec
416 3269 467 3326 tibi
497 3269 552 3345 ipsi
583 3269 731 3327 consilinm
764 3269 877 3328 deesset
909 3282 937 3329 et
970 3273 1064 3335 fratris

123 3367 279 3443 Furniique
304 3351 499 3425 benevolentia
524 3368 660 3426 fidelisnu·
740 3388 842 3418 ue-'me
869 3370 920 3427 tibi
943 3382 1062 3448 praesto
