2356 3810
93 234 136 297 up.
150 217 190 304 p]
327 188 441 281 seror.
460 230 510 280 Ao
530 187 738 283 Arrrc'um'rss
757 234 804 297 14
995 236 1082 304 13

92 386 232 448 Messalla
252 385 356 448 consul
376 388 407 447 in
425 395 528 446 senatu
542 386 578 446 de
593 386 737 464 Pompeio
751 386 898 463 quaesivit,
912 387 982 463 quid
996 389 1034 447 de

90 487 232 564 religione
251 495 280 546 et
297 485 336 546 de
351 485 534 563 promulgata
547 486 699 561 rogatione
712 486 846 544 sentiret:
868 486 980 544 locutus
994 487 1034 544 ita

88 596 134 646 est
148 587 180 644 in
196 593 307 655 senatu,
322 593 354 644 ut
372 585 472 644 omnia
490 584 564 643 illius
583 578 692 655 ordinis
707 584 839 644 consulta
854 592 957 656 γενικῷς
975 584 1034 642 lau·

89 684 180 754 daret,
194 683 331 759 mihique,
345 692 378 742 ut
391 681 510 753 adsedit,
527 681 598 740 dixit
612 701 643 741 se
657 691 758 758 putare
770 682 837 741 satis
851 682 909 740 ab
902 700 933 741 se
947 684 1033 741 etiam

85 782 149 841 de
141 781 203 841 istis
217 781 303 841 rebus
311 798 386 861 esse
403 797 646 856 responsum.3
629 775 803 854 &Crassus
821 789 925 856 postea
944 799 1033 856 quam

87 880 160 940 vidit
181 859 282 938 illuin
281 864 432 955 ericepisse
456 878 572 936 laudem
594 897 630 936 ex
651 896 697 948 eo,
720 858 801 954 quod
821 879 1033 955 suspicarentur

87 978 225 1037 homines
244 996 271 1036 er
263 977 471 1036 consulatum
489 994 589 1034 meum
607 976 729 1051 placere,
745 977 867 1034 surrexit
886 978 1032 1035 ornatissi-

87 1094 195 1153 meque
215 1075 251 1134 de
271 1093 340 1134 meo
361 1074 515 1134 consulatu
534 1074 647 1132 locutus
668 1084 720 1145 est,
741 1084 773 1132 ut
791 1075 833 1134 ita
853 1076 970 1145 diceret,
992 1093 1032 1145 se,

86 1173 171 1252 quod
190 1182 267 1233 esset
284 1180 409 1243 senator,
429 1173 509 1248 quod
528 1173 605 1241 civis,
623 1173 704 1248 quod
724 1171 804 1242 liber,
818 1173 899 1248 quod
918 1174 1030 1244 viveret,

87 1273 160 1332 mihi
193 1280 346 1348 acceptum
378 1270 499 1342 referre3
536 1270 670 1346 quotiens
702 1271 865 1345 coniugem,
897 1272 1032 1347 quotiens

87 1373 221 1440 domum,
245 1369 379 1446 quotiens
400 1369 522 1444 patriam
542 1369 659 1440 videret,
680 1369 786 1426 totiens
807 1387 838 1426 se
858 1370 1032 1427 beneficium

88 1487 188 1529 meum
198 1468 303 1528 videre.
345 1465 425 1538 Quid
435 1467 544 1525 multa?
558 1476 650 1524 totum
664 1466 742 1524 hunc
755 1466 861 1536 locum,
873 1482 960 1542 quem
975 1487 1031 1543 ego

87 1569 166 1625 varie
186 1567 262 1625 meis
280 1565 468 1635 orationibus,
491 1583 613 1640 quarum
634 1575 666 1622 tu
686 1564 869 1623 Aristarchus
891 1583 931 1635 es,
951 1566 1032 1624 soleo

88 1668 219 1744 pingere,
234 1664 272 1723 de
286 1663 411 1734 flamma,
426 1662 463 1721 de
478 1662 672 1721 ferro-nosti
688 1663 750 1722 illas
763 1663 935 1733 ληκύθους-η
950 1664 1032 1722 valde

88 1765 213 1841 graviter
226 1762 377 1838 pertexuit.
412 1759 566 1818 Proximus
581 1760 723 1836 Pompeio
737 1761 892 1819 sedebam:
907 1761 1032 1820 intellexi

87 1862 240 1920 hominem
251 1861 369 1930 moveri,
379 1867 475 1917 utrum
489 1856 628 1916 Crassum
643 1859 714 1916 inire
728 1875 793 1916 eam
804 1859 933 1934 gratiam,
944 1851 1032 1935 quarn

88 1961 152 2035 ipse
168 1958 414 2035 praetermisisset,
430 1973 467 2013 an
485 1973 549 2013 esse
566 1964 659 2013 tantas
677 1973 722 2015 res
740 1966 863 2026 nostras,
878 1975 952 2032 quae
972 1969 1032 2015 tam

86 2057 188 2116 libenti
215 2065 317 2114 senatu
342 2054 533 2123 laudarentur,
558 2055 595 2112 ab
622 2072 659 2113 eo
686 2055 862 2130 praesertim,
884 2055 934 2130 qui
961 2056 1032 2112 mihi

86 2155 205 2213 laudem
218 2154 296 2211 illam
309 2153 452 2211 eominus
467 2152 592 2221 deberet,
601 2152 681 2226 quod
695 2152 768 2208 meis
782 2152 918 2210 omnibus
932 2153 1032 2212 litteris

85 2254 118 2311 in
139 2251 320 2327 Pompeiana
344 2250 429 2309 laude
452 2249 619 2325 perstrictus
639 2259 724 2307 esset.
786 2249 875 2306 Hic
895 2250 960 2351 dies
983 2269 1032 2309 me

85 2350 170 2410 valde
185 2348 293 2408 Crasso
307 2348 445 2418 adiunxit,
459 2357 489 2406 et
503 2357 600 2405 tamen
617 2347 719 2405 abillo
738 2366 775 2423 ap
808 2357 836 2404 te
843 2297 930 2406 :tecte
950 2352 1031 2424 quic·

86 2448 216 2526 quidest
230 2428 330 2506 datum
343 2447 464 2504 libenter
478 2445 586 2522 accepi.
627 2444 693 2520 Ego
708 2455 805 2503 autem
819 2446 890 2520 ipse,
901 2446 930 2503 di
940 2448 1030 2506 boni!

86 2563 148 2623 quo
171 2545 263 2604 modo
292 2546 541 2617 ἐνεπερπερευσάμην
567 2559 646 2600 ιιονο
667 2543 792 2601 auditori
820 2542 979 2619 Pompeio!
1007 2547 1031 2605 si

84 2661 228 2720 umquam
241 2641 312 2700 mihi
325 2643 447 2716 περίοδοι,
461 2641 487 2700 Si
500 2642 598 2714 καρποί,
614 2640 638 2698 si
655 2641 822 2713 ἐνθυμήματα,
838 2642 862 2699 si
880 2646 1032 2700 κατασκευαὶ

86 2728 351 2818 suppeditaverunt,
376 2739 425 2798 illo
449 2748 611 2815 tempore·
635 2737 716 2815 Quid
738 2740 849 2797 multa?
881 2740 1031 2802 clamores

84 2838 204 2897 Etenim
214 2837 288 2897 haec
298 2847 359 2896 erat
372 2840 509 2896 ὑπόθεσιςι
529 2838 566 2894 de
580 2822 717 2912 gravitate
728 2838 847 2908 ordinis,
858 2837 895 2896 de
906 2842 1031 2915 equestri

85 2936 254 3008 concordia,
279 2937 317 2995 de
344 2937 538 2994 consensione
565 2935 672 3006 Italiae,
696 2935 734 2993 de
761 2936 954 2996 intermortuis
986 2957 1031 2996 re-

85 3035 183 3112 liquiis
197 3034 412 3104 coniurationis
424 3034 460 3091 de
473 3033 586 3103 vilitate,
597 3033 634 3091 de
648 3034 718 3091 otiu.
760 3033 846 3092 Nosti
859 3035 918 3093 iam
932 3037 961 3092 in
975 3035 1031 3094 hac

85 3133 208 3192 materia
226 3132 338 3190 sonitus
357 3141 489 3190 nostros:
510 3131 582 3189 tanti
600 3131 724 3201 fuerunt,
737 3141 770 3189 ut
788 3149 845 3208 ego
864 3151 901 3191 eo
918 3135 1031 3192 brevior

86 3232 153 3301 sim,
162 3230 243 3305 quod
254 3247 306 3288 eos
316 3247 408 3304 usque
423 3229 507 3287 istinc
520 3229 672 3286 exauditos
686 3239 795 3304 putem.
831 3244 857 3304 5.
878 3231 1030 3290 Romanae

85 3338 186 3386 autem
210 3345 242 3385 se
266 3344 313 3385 res
337 3327 379 3385 sic
405 3325 530 3383 habent:
559 3336 676 3384 senatus
691 3326 794 3399 Ἀρειοε
817 3331 905 3402 πάγος.
950 3327 1030 3388 Nihil

86 3425 276 3497 constantius,
297 3423 369 3482 nihil
392 3424 527 3494 severius,
549 3423 620 3482 nihil
642 3424 759 3484 fortius:
785 3443 854 3483 nam
878 3443 945 3484 cum
967 3427 1029 3488 dies
