2356 3810
68 225 113 284 sp.
130 209 184 295 83.]
254 224 367 279 eamr.
390 227 439 275 ab
460 228 681 278 snumrrnrs
702 221 759 278 xv.
786 230 834 300 15.
946 213 1007 296 185

66 381 98 431 at
125 382 202 431 certe
230 385 362 434 nostrum
388 376 526 436 iudicium
555 379 666 436 definiri
694 380 855 438 convenire.
903 376 1007 452 Neque

65 472 219 547 quisquam
234 472 309 532 hanc
328 485 457 532 nostram
477 478 648 535 sententiam
666 495 732 535 vere
750 494 890 552 umquam
908 493 1006 550 repre-

65 569 167 626 hendit
194 581 307 645 praeter
335 590 394 641 eos,
420 573 469 649 qui
498 574 670 633 arbitrantur
695 557 799 632 melius
828 592 891 632 esse
920 572 1007 630 deleri

65 667 188 724 omnino
209 686 270 726 rem
291 669 438 744 publicam
460 688 548 746 quam
569 672 752 728 imminutam
778 682 806 731 ct
831 670 1006 728 debilitatam

65 783 200 823 manere:
222 784 278 841 ego
299 777 397 825 autem
416 785 452 824 ex
472 769 585 827 interitu
604 771 666 828 eius
679 770 787 829 nullam
802 787 885 848 spem
900 768 1006 825 scilicet

65 862 135 918 mihi
155 866 367 938 proponebam,
382 885 417 924 ex
436 867 561 943 reliquiis
576 886 723 948 magnam.
769 885 794 925 a.
817 865 875 924 Sed
890 884 924 924 ea
939 877 1006 922 sunt

65 972 231 1033 consecuta,
243 972 275 1020 ut
288 965 382 1040 magis
396 966 501 1023 mirum
515 967 551 1024 sit
566 967 695 1024 accidere
710 966 757 1022 illa
770 965 907 1040 potuisse,
918 981 1007 1038 quam

64 1076 120 1116 nos
141 1077 202 1116 non
226 1059 331 1119 vidisse
356 1081 391 1120 ea
416 1063 510 1122 futura
534 1083 597 1136 nec,
616 1065 751 1122 homines
775 1080 843 1121 cum
867 1079 1005 1129 essemus,

64 1156 192 1215 divinare
220 1160 357 1235 potuisse.
403 1160 548 1238 Equidem
576 1163 666 1220 fateor
690 1179 787 1218 meam
812 1159 1005 1218 coniecturam

64 1254 140 1314 hanc
161 1255 260 1328 fuisse,
277 1271 308 1316 ut
329 1259 377 1318 illo
397 1261 479 1335 quasi
498 1261 628 1337 quodam
649 1260 727 1317 fatali
748 1258 859 1334 proelio
880 1257 956 1314 sacto
978 1269 1006 1313 et

63 1355 187 1415 victores
214 1359 363 1416 communi
391 1360 475 1417 saluti
503 1358 614 1418 consuli
641 1358 748 1417 vellent
775 1365 804 1414 et
830 1355 896 1412 victi
928 1372 1005 1423 suae,

63 1465 218 1529 utrumque
246 1467 342 1514 autem
370 1459 499 1533 positum
526 1476 590 1516 esse
618 1457 767 1517 arbitrarer
800 1455 830 1511 in
863 1453 1005 1511 celeritate

64 1551 195 1610 victoris:
231 1571 306 1628 quae
334 1556 357 1613 si
385 1555 494 1626 fuisset,
522 1555 647 1614 eandem
675 1553 860 1612 clementiam
887 1562 1006 1626 experta

64 1661 140 1709 esset
157 1651 263 1723 Africa,
278 1671 367 1728 quam
387 1655 524 1729 cognovit
544 1655 623 1723 Asia,
638 1671 727 1729 quam
741 1651 828 1709 etiam
843 1649 953 1708 Achaia
967 1660 1004 1713 te,
1053 1718 1055 1723 Ι

64 1759 96 1807 ut
121 1749 235 1824 opinor,
257 1751 324 1826 ipso
349 1751 445 1827 legato
473 1771 507 1811 ae
536 1752 740 1828 deprecatore;
769 1749 883 1807 arnissis
908 1757 1004 1805 autem

56 1849 251 1921 ‚temporibus
273 1865 348 1922 quae
372 1850 528 1924 plurimum
551 1849 654 1919 valent,
677 1847 845 1924 praesertim
870 1846 1005 1907 inbellis

64 1946 201 2016 civilibus,
227 1947 411 2023 interpositus
436 1966 529 2006 annus
553 1949 625 2006 alios
653 1946 773 2015 induxit,
799 1954 830 2004 ut
857 1944 1004 2001 victoriam

64 2053 220 2118 sperarent,
243 2044 323 2115 alios,
344 2055 376 2103 ut
401 2047 497 2121 ipsum
524 2046 601 2103 vinci
629 2052 856 2103 contemnerent
908 2042 1004 2116 Atque

63 2143 168 2199 horum
189 2142 332 2200 malorum
354 2144 484 2201 omnium
506 2143 622 2218 culpam
643 2143 758 2200 fortuna
780 2141 914 2199 sustinet:
940 2141 1004 2215 quis

64 2241 142 2297 enim
172 2252 221 2297 aut
245 2240 434 2298 Alexandrini
462 2241 529 2298 belli
556 2251 666 2299 tantam
693 2258 806 2299 moram
835 2238 902 2295 huic
929 2237 1004 2295 bello

63 2339 231 2395 adiunctum
252 2340 285 2396 iri
305 2349 354 2396 aut
375 2341 475 2397 nescio
496 2358 584 2415 quem
605 2340 690 2397 istum
714 2338 892 2396 Pharnacem
916 2335 1003 2392 Asiae
1028 2362 1031 2370 ‚

64 2448 200 2495 terrorem
221 2438 364 2495 illaturum
389 2440 521 2514 putaret?
564 2459 591 2514 3.
616 2439 680 2498 Nos
705 2448 803 2497 tamen
827 2437 857 2494 in
882 2435 1004 2494 consilio

64 2537 126 2609 pari
142 2554 211 2593 casu
226 2537 354 2595 dissimili
369 2539 413 2594 usi
428 2555 545 2596 sumus:
560 2549 590 2596 tu
605 2538 683 2596 enim
697 2555 762 2595 eam
777 2544 888 2612 partem
900 2535 1004 2610 petisti,

63 2644 94 2690 ut
115 2643 144 2691 et
165 2635 292 2692 consiliis
312 2636 465 2694 interesses
487 2646 524 2707 et,
543 2637 624 2712 quod
647 2637 774 2694 maxime
798 2651 898 2692 curam
922 2632 1004 2703 levat,

63 2731 158 2789 futura
186 2732 284 2789 animo
312 2733 479 2810 prospicere
507 2752 627 2810 posses:
652 2753 717 2809 egn,
739 2733 788 2808 qui
813 2731 952 2802 festinavi,
973 2745 1004 2788 ut

63 2828 220 2886 Caesarem
244 2829 274 2886 in
302 2828 384 2888 Italia
411 2831 623 2889 viderem—sic
651 2833 729 2889 enim
757 2830 1005 2888 arbitrabamur-

63 2946 188 3002 eumque
208 2928 304 2986 multis
323 2928 534 2987 honestissimis
551 2929 618 2987 viris
638 2928 815 2987 conservatis
837 2927 1004 2985 redeuntem

62 3026 99 3083 ad
126 3044 229 3100 pacem
254 3037 425 3096 currentem,
446 3036 478 3085 ut
505 3027 592 3097 aiunt,
613 3027 771 3096 incitarem,
801 3026 838 3083 ab
867 3025 914 3082 illo
941 3025 1004 3081 lon·

62 3124 181 3198 gissime
196 3133 224 3180 et
239 3124 342 3180 absum
358 3134 386 3182 et
400 3124 466 3182 alui.
503 3123 612 3183 Versor
626 3135 722 3183 autem
738 3126 766 3181 in
782 3124 891 3200 gemitu
905 3123 1004 3180 ltaliae

62 3232 92 3284 et
107 3221 135 3277 in
147 3221 225 3277 urbis
240 3220 406 3279 miserrimis
421 3223 552 3296 quereliS,
564 3223 669 3298 quibus
684 3222 792 3298 aliquid
806 3222 870 3296 opis
885 3220 1004 3278 sortasse

62 3337 120 3394 ego
145 3334 199 3391 pro
223 3336 298 3386 mea,
320 3328 351 3375 tu
375 3337 428 3394 pro
454 3329 511 3389 tua,
532 3337 586 3395 pro
608 3338 661 3378 sua
682 3320 804 3396 quisque
825 3327 906 3393 parte
929 3317 1003 3375 ferre

62 3417 212 3494 potuisset,
233 3416 256 3473 si
278 3424 376 3474 auctor
397 3415 541 3475 adfuisset.
583 3435 611 3490 4.
633 3415 752 3488 Quare
774 3415 858 3473 velim
879 3432 934 3492 pro
956 3425 1004 3474 tua
