2356 3810
176 213 237 295 146
363 288 365 292 ,
442 227 481 276 Μ.
507 225 626 277 rurrrr
647 226 833 276 orcanours
989 213 1114 297 [arsur.

173 375 335 435 ‘animulae
362 375 501 435 stillarunt
508 375 534 449 ;'
568 385 728 434 recreatum
756 376 834 435 enim
867 393 916 434 me
947 393 1009 434 non
1034 393 1112 452 queo

173 474 276 533 dicere.
319 474 377 533 Sed
398 475 485 551 plane
508 478 538 531 τὸ
565 476 675 548 συνέχον
699 474 837 548 effecisti3
866 493 922 550 ego
947 474 1027 532 enim
1052 493 1114 532 non

172 573 232 635 iarn
250 572 280 630 id
301 590 366 647 ago,
381 572 451 630 mihi
472 570 566 644 crede,
587 582 618 631 ut
639 589 797 648 prosperos
817 572 909 630 exitus
931 589 1111 648 consequar:

90 710 91 713 ,
173 669 215 727 sic
236 670 314 727 enirn
334 669 428 740 vide0,
449 687 504 728 nec
529 669 643 728 duobus
664 669 709 727 his
729 669 800 727 vivis
820 687 876 727 nec
897 669 954 727 hoc
975 686 1035 726 nno
1057 687 1113 727 nos

172 785 311 842 umquam
334 785 395 824 rem
422 766 568 842 publicam
594 766 752 824 habituros.
794 765 840 824 Ita
867 783 962 841 neque
990 765 1028 824 de
1052 767 1113 824 otio

173 873 273 922 nostro
287 881 372 939 spero
392 863 449 920 iam
471 881 525 920 nec
546 861 633 920 ullam
652 863 838 921 acerbitatem
859 879 970 920 recuso.
1012 860 1114 919 Unum

172 960 241 1018 illud
261 960 547 1030 extimescebam,ne
564 959 634 1035 quid
653 961 773 1034 turpiter
793 959 927 1030 facerem,
942 958 987 1017 vel
1008 959 1112 1029 dicam,

172 1058 231 1114 iarn
258 1057 399 1116 fecissem.
452 1075 478 1116 2.
501 1056 548 1116 Sic
576 1075 647 1132 ergo
675 1057 791 1124 habeto,
821 1056 960 1115 salutares
986 1064 1015 1115 te
1042 1057 1114 1113 mihi

172 1154 277 1236 litteras
301 1155 423 1225 misisse,
438 1173 534 1230 neque
556 1155 651 1213 solum
672 1144 724 1212 ha‘s
745 1154 903 1229 longiores,
917 1154 1023 1230 quibus
1044 1155 1114 1211 nihil

173 1262 269 1328 potest
296 1271 360 1310 esse
386 1252 564 1328 explicatius,
589 1251 658 1310 nihil
680 1251 842 1328 perfectius
865 1253 917 1310 sed
941 1245 1028 1326 etiarn
1052 1252 1114 1310 illas

173 1352 324 1422 breviores
345 1351 375 1407 in
400 1351 504 1425 quibus
526 1350 584 1408 hoc
606 1349 676 1406 mihi
696 1349 937 1407 iucundissimum
960 1349 1020 1419 luit,
1041 1368 1113 1407 con-

159 1448 268 1506 silium
289 1447 454 1523 factumque
465 1438 596 1504 nostrum
612 1465 629 1503 a
644 1445 732 1504 Sexto
752 1447 878 1522 probari,
890 1456 1113 1522 pergratumque

173 1547 244 1603 mihi
262 1545 406 1615 tufecisti,
422 1562 513 1619 aquo
535 1544 614 1618 diligi
634 1562 682 1601 me
701 1553 737 1610 et,
753 1545 823 1619 quid
842 1553 952 1602 rectum
973 1544 1017 1614 sit,
1032 1544 1114 1600 intel-

173 1645 230 1719 legi
244 1644 314 1702 sci0.
356 1643 486 1718 Longior
504 1660 572 1700 vero
593 1651 643 1700 tua
662 1642 785 1717 epistola
799 1659 860 1700 non
878 1660 926 1699 me
942 1642 1045 1711 solum,
1062 1643 1114 1700 sed

174 1759 257 1799 meos
276 1759 380 1799 omnes
397 1740 575 1816 aegritudine
596 1739 696 1797 levavit
705 1759 714 1812 ;
736 1740 832 1816 itaque
846 1749 909 1797 utar
928 1749 978 1797 tuo
993 1740 1114 1797 consilio

174 1849 202 1896 et
216 1856 265 1896 ero
280 1839 310 1894 in
323 1837 489 1908 Formiano,
503 1855 541 1895 ne
556 1845 605 1895 aut
619 1836 657 1895 ad
670 1837 772 1894 urbem
789 1837 928 1907 ἀπάντησις
941 1855 1008 1894 mea
1021 1838 1113 1894 anim·

175 1936 336 1995 advertatur
351 1944 410 2008 aut,
425 1936 449 1994 si
467 1953 522 1994 nec
540 1935 589 1992 hic
603 1953 658 1993 nec
677 1934 733 1992 illic
750 1952 817 1993 eum
833 1934 941 1998 videro,
958 1935 1114 1992 devitatum
1135 1941 1136 1944 ’

176 2053 207 2096 se
221 2053 239 2092 a
251 2053 299 2092 me
313 2043 401 2109 putet.
445 2049 471 2108 3.
494 2032 584 2104 Quod
603 2043 700 2093 autem
719 2032 832 2102 suades,
850 2041 882 2089 ut
900 2033 938 2090 ab
960 2050 996 2090 eo
1015 2043 1114 2108 petam

175 2143 207 2190 ut
220 2132 290 2192 mihi
305 2132 448 2191 concedat
461 2141 493 2189 ut
512 2131 591 2189 idem
604 2131 728 2188 tribuam
739 2129 889 2205 Pompei0‚
904 2131 983 2205 quod
998 2131 1052 2205 ipsi
1066 2133 1115 2188 tri·

175 2231 296 2300 buerim,
309 2230 339 2287 id
352 2248 400 2288 me
409 2230 467 2286 iam
481 2228 593 2303 pridem
607 2246 694 2302 agere
708 2226 857 2301 intelleges
872 2245 907 2284 ex
921 2227 1020 2284 litteris
1031 2228 1114 2285 Balbi

175 2337 204 2384 et
223 2327 320 2402 Oppii,
335 2344 457 2401 quarum
476 2325 610 2400 exempla
624 2325 675 2382 tibi
695 2324 776 2394 misi;
798 2324 863 2381 misi
878 2325 964 2381 etiarn
981 2321 1114 2382 Caesaris

162 2425 213 2482 ad
224 2442 275 2482 eos
294 2443 364 2482 sana
382 2433 479 2481 mente
501 2423 629 2497 scriptas,
645 2439 704 2496 quo
726 2421 817 2478 modo
838 2421 868 2478 in
893 2429 972 2478 tanta
992 2421 1113 2479 insania.

176 2522 227 2580 Sin
240 2521 310 2579 mihi
324 2521 431 2579 Caesar
445 2520 502 2578 hoc
511 2537 572 2577 non
581 2519 730 2589 concedat,
742 2519 827 2576 video
841 2519 892 2575 tibi
906 2518 1020 2593 placere
1035 2519 1114 2590 illud,

174 2639 223 2677 me
243 2621 382 2691 πολίτευμα
406 2618 442 2675 de
464 2635 536 2693 pace
557 2617 711 2691 suscipere,
732 2616 763 2672 in
784 2633 843 2692 quo
867 2634 927 2673 non
955 2617 1115 2676 extimesco

175 2718 349 2793 periculum:
371 2734 438 2774 curn
453 2716 531 2773 enirn
550 2723 594 2772 tot
612 2713 809 2790 impendeant,
827 2731 877 2770 cur
896 2731 956 2770 non
973 2701 1115 2772 honestis-

177 2817 250 2873 simo
278 2813 422 2888 depecisci
448 2812 555 2871 velim?
590 2810 648 2870 Sed
675 2828 775 2869 vereor
802 2829 840 2868 ne
870 2809 1011 2886 Pompeio
1044 2812 1117 2888 quid

178 2913 274 2970 oneris
287 2913 447 2988 imponam,
496 2897 499 2904 ¹

352 3021 385 3084 μή
402 3040 441 3083 μοι
457 3021 572 3085 γοργεῖην
588 3018 697 3083 κεφαλὴν
713 3019 799 3067 δεινοῖο
815 3017 922 3083 πελώρου

176 3125 356 3199 intorqueat;
385 3123 548 3180 mirandum
569 3122 648 3178 enim
672 3121 703 3178 in
725 3120 846 3192 modum
873 3120 992 3179 Gnaeus
1015 3131 1116 3181 noster

179 3222 287 3280 Sullani
307 3221 388 3296 regni
410 3220 624 3278 similitudinem
645 3218 817 3293 concupivit.
859 3221 941 3277 Εἶδώς
968 3243 1012 3275 σοι
1038 3223 1114 3294 λέγω.

111 3383 112 3388 1
177 3320 256 3378 Nihil
277 3319 322 3377 ille
346 3336 486 3394 umquam
506 3317 602 3374 minus
624 3317 747 3374 obscure
769 3316 841 3373 tulit.
885 3314 978 3374 ‘Cum
992 3317 1116 3376 hoccine

177 3417 277 3494 igitur'
292 3417 407 3494 inquies⁴
416 3421 424 3448 ‘
433 3434 498 3474 esse
509 3415 550 3474 vis
559 3412 586 3474 l'
613 3413 791 3471 Beneficium
806 3431 920 3490 sequor,
934 3413 1005 3471 mihi
1020 3416 1114 3488 crede,
