2348 3788
168 183 227 250 152
364 181 473 231 ‘m
499 182 619 231 rurrrr
640 183 830 233 orcsnoms
976 174 1045 259 [ns
1060 190 1104 238 111.

164 335 312 395 hominem
333 357 403 397 xrm.
424 337 494 398 Kal.
516 340 600 398 Febr.
621 340 743 416 plenum
764 339 943 401 formidinis:
969 343 1018 402 illo
1039 345 1105 420 ipso

164 435 210 492 die
237 438 323 506 sensi,
348 436 418 511 quid
445 448 562 511 ageret;
584 456 745 514 numquam
769 440 840 497 mihi
864 450 967 516 postea
989 443 1105 517 placuit,

164 551 218 591 nec
232 552 370 610 umquam
389 535 465 592 aliud
480 554 516 593 ex
531 536 587 593 alio
603 555 726 612 peccare
742 537 856 596 destitit.
898 538 975 596 Nihil
991 541 1105 598 interim

163 631 200 688 ad
214 649 262 688 me
276 632 407 702 scribere,
422 632 492 688 nihil
509 633 563 690 nisi
581 632 680 708 fugam
695 636 832 709 cogitare.
875 634 955 706 Quid
968 639 1105 710 quaeris?

163 729 235 786 sicut
260 730 286 782 ἐν
306 733 360 786 τοῖς
381 732 508 802 ἐρωτικοῖς
530 731 655 788 alienant
678 731 853 801 immundae,
863 713 1003 804 insulsae,
1024 736 1105 793 inde-

163 844 257 895 corae,
285 826 326 884 sic
353 844 401 883 me
428 827 502 885 illius
536 827 621 902 fugae
648 828 909 904 neglegentiaeque
937 831 1105 890 deformitas

162 923 261 980 avertit
275 924 311 980 ab
327 941 425 981 amore
433 942 441 994 ;
463 923 533 982 nihil
552 926 629 982 enim
644 926 764 1000 dignum
779 925 910 997 faciebat,
926 945 1028 1002 quare
1043 931 1105 989 eius

162 1021 247 1096 fugae
275 1023 411 1080 comitem
438 1041 486 1082 me
514 1022 710 1098 adiungerem.
752 1023 839 1082 Nunc
864 1025 985 1101 emergit
1012 1045 1104 1096 amor,

163 1137 239 1177 nunc
256 1119 427 1177 desiderium
442 1119 515 1178 ferre
530 1139 591 1178 non
605 1138 735 1197 possum,
750 1139 830 1179 nunc
849 1122 920 1178 mihi
941 1121 1010 1180 nihil
1031 1125 1103 1194 libri,

162 1216 231 1274 nihil
252 1217 368 1286 litterae,
389 1217 459 1275 nihil
481 1218 611 1276 doctrina
631 1218 769 1292 prodest:
801 1219 840 1276 ita
864 1219 925 1277 dies
949 1229 977 1278 et
1001 1233 1103 1280 noctes

162 1324 310 1390 tamquam
324 1315 383 1373 avis
398 1316 451 1385 illa,
466 1334 546 1373 mare
566 1325 730 1391 prospecto,
746 1316 859 1373 evolare
874 1318 977 1391 cupio;
1000 1319 1048 1388 do,
1064 1319 1102 1376 do

162 1430 272 1487 poenas
288 1413 458 1471 ‘temeritatis
479 1429 570 1471 meae.
611 1412 674 1470 Etsi
696 1430 770 1486 quae
791 1412 844 1470 fuit
865 1414 912 1470 illa
936 1417 1101 1474 temeritas?

162 1511 232 1584 quid
253 1510 308 1567 feci
329 1528 389 1567 non
411 1509 693 1568 consideratissime?
736 1509 766 1567 Si
788 1511 865 1568 enim
894 1510 962 1568 nihil
990 1524 1103 1587 praeter

162 1611 261 1685 fugam
276 1618 465 1685 quaereretur,
482 1609 622 1684 fugissem
640 1609 836 1680 libentissime,
852 1610 904 1668 sed
922 1629 1015 1686 genus
1034 1613 1102 1670 belli

163 1708 349 1766 crudelissimi
376 1717 404 1765 et
431 1707 557 1776 maximi,
586 1706 667 1781 quod
691 1707 823 1764 nondum
847 1708 945 1766 vident
968 1709 1102 1767 homines

164 1805 247 1881 quale
272 1805 399 1862 futurum
421 1805 465 1874 sit,
490 1803 647 1879 perhorrui.
687 1802 777 1874 ‘Quae
798 1805 894 1862 minae
918 1807 1100 1882 municipiisl

163 1922 238 1980 quae
256 1903 427 1961 nominatim
449 1902 515 1959 viris
533 1901 635 1959 bonisl
658 1918 732 1976 quae
750 1901 874 1978 denique
894 1904 1037 1975 omnibus
1053 1904 1102 1981 qui

163 2001 382 2059 remansissent!
404 2017 491 2075 quam
514 2000 614 2056 crebro
635 1998 704 2055 illud
723 1997 820 2056 ‘Sulla
838 2001 940 2074 potuit,
962 2019 1018 2077 ego
1041 2016 1125 2061 non‘

162 2097 303 2174 potero?’
346 2116 372 2171 3.
395 2096 468 2154 Mihi
488 2106 584 2154 autem
605 2096 760 2154 haeserunt
787 2096 851 2154 illa:
879 2098 954 2156 male
976 2099 1101 2174 Tarqui-

161 2198 235 2268 niuS,
264 2197 313 2272 qui
348 2196 515 2265 Porsenam,
544 2193 593 2270 qui
623 2193 775 2252 Octavium
810 2193 973 2252 Mamilium
1001 2208 1102 2256 contra

161 2296 292 2370 patriam,
307 2294 394 2369 impie
415 2292 595 2360 Coriolanus,
609 2293 661 2365 qui
677 2292 815 2348 auxilium
836 2293 915 2367 petiit
936 2312 954 2351 a
977 2294 1101 2368 VolsciS,

160 2403 236 2450 recte
263 2391 483 2461 Themistocles
505 2391 555 2465 qui
581 2390 655 2446 mori
682 2389 789 2461 maluit,
811 2390 936 2449 nefarius
965 2391 1100 2468 Hippias,

160 2491 298 2548 Pisistrati
326 2490 407 2558 filius,
434 2488 482 2563 qui
507 2488 538 2545 in
563 2486 746 2544 Marathonia
769 2505 868 2561 pugna
891 2489 994 2547 cecidit
1021 2509 1103 2550 arma

161 2597 262 2646 contra
283 2587 405 2661 patriam
428 2585 529 2643 ferens
572 2585 611 2642 At
640 2583 726 2654 Sulla,
751 2593 780 2641 at
808 2585 927 2656 Marius
952 2595 982 2643 at
1006 2587 1102 2646 Cinna

160 2694 244 2743 recte.
288 2684 384 2741 Immo
412 2684 472 2740 iure
498 2681 637 2752 fortasse;
675 2681 727 2739 sed
754 2682 823 2757 quid
851 2701 953 2740 eorum
981 2685 1102 2743 victoria

160 2782 321 2842 crudelius?
344 2781 414 2856 quid
432 2780 593 2838 funestius?
615 2779 711 2837 Huius
732 2780 798 2836 belli
817 2798 910 2854 genus
933 2781 1001 2855 fugi,
1017 2792 1045 2839 et
1064 2801 1100 2840 eo

160 2881 262 2955 magis
278 2880 358 2954 quod
372 2879 532 2938 crudeliora
549 2879 636 2937 etiam
655 2878 775 2952 cogitari
794 2885 822 2934 et
842 2879 935 2952 parari
956 2879 1100 2937 videbam.

160 2979 219 3048 Me,
245 2995 333 3053 quem
361 2994 422 3034 non
447 2976 516 3032 nulli
539 2984 773 3034 conservatorem
794 2975 875 3033 istius
898 2977 985 3046 urbis,
1012 2996 1100 3052 quern

160 3084 310 3152 parentem
344 3091 408 3131 esse
437 3073 578 3143 dixerunt,
607 3070 747 3128 Getarum
780 3081 808 3130 et
840 3073 1042 3130 Armeniorum
1072 3086 1101 3134 et

162 3173 338 3232 Colchorum
361 3170 460 3245 copias
483 3169 521 3226 ad
544 3186 609 3226 earn
634 3168 797 3227 adducere?
828 3188 875 3227 me
897 3170 969 3227 meis
992 3171 1101 3231 civibus

162 3273 279 3342 famem,
299 3269 459 3328 vastitatem
480 3266 582 3325 inferre
603 3265 722 3325 Italiae?
747 3266 824 3326 hunc
845 3268 970 3343 primum
992 3280 1100 3327 morta·

162 3375 220 3431 lem
249 3387 319 3442 esse,
349 3367 452 3427 deinde
480 3367 565 3424 etiam
595 3365 690 3424 multis
718 3366 813 3422 medis
841 3383 928 3422 nosse
956 3370 1100 3446 averjngui
