2356 3810
183 257 224 328 54
461 255 499 305 rr.
522 254 643 302 rurrrr
663 252 849 303 crearemus
1004 233 1080 327 [rats.
1092 255 1124 303 11.

183 424 284 472 senatu
303 412 500 471 auctoritatem
519 421 547 470 et
568 410 646 487 apud
666 412 743 469 viros
763 412 858 469 bonos
878 409 999 485 gratiam
1020 410 1124 486 magis,

184 529 271 587 quam
292 519 467 586 optaramus,
482 509 630 567 consecuti
645 527 761 580 sumus3
783 509 813 564 in
828 526 858 565 re
873 518 969 583 autem
984 507 1124 576 familiari,

184 626 258 684 quae
278 625 365 683 quem
386 605 424 664 ad
443 606 565 663 modum
586 605 683 676 fracta,
704 604 849 679 dissipata,
867 606 978 680 direpta
999 606 1043 674 sit,
1064 622 1125 662 non

184 708 308 782 ignoras,
323 703 404 761 valde
423 703 588 760 laboramus
607 712 777 778 tuarumque
796 711 931 760 nontam
946 701 1125 770 facultatum,

184 821 256 880 quas
272 819 328 877 ego
343 810 456 858 nostras
474 818 537 858 esse
555 799 660 868 iudic0,
676 817 764 874 quam
784 799 969 857 consiliorum
989 798 1027 856 ad
1046 799 1125 858 colli·

184 900 295 976 gendas
309 908 338 956 et
355 896 572 956 constituendas
591 896 724 971 reliquias
746 906 859 954 nostras
880 896 1054 971 indigemus.
1099 915 1127 968 4.

185 997 323 1066 Nunc‚t
296 1006 323 1053 et
325 996 348 1053 si
362 995 461 1053 omnia
475 1005 524 1052 aut
538 994 643 1068 scripta
656 1012 721 1052 esse
735 1012 752 1050 a
766 994 821 1051 tuis
836 994 957 1052 arbitror
971 1004 1021 1052 aut
1038 995 1126 1052 etiam

185 1104 257 1154 nunt
258 1095 292 1152 iis
303 1111 337 1152 ac
349 1111 465 1151 rumore
477 1092 595 1168 perlata,
605 1102 703 1149 tamen
717 1110 752 1149 ea
766 1092 890 1150 scribam
904 1093 991 1162 brevi,
1005 1109 1080 1168 quae
1095 1102 1124 1151 te

185 1201 255 1268 puto
301 1191 462 1248 otissimum
483 1209 520 1247 ex
541 1190 614 1247 meis
635 1190 677 1246 litt
666 1189 733 1246 ‘teris
754 1189 825 1246 velle
847 1206 1035 1264 cognoscere
1078 1191 1125 1248 Pr

186 1209 420 1344 Noniisssoffitites
431 1282 611 1359 Dyrrhachio
623 1301 688 1341 sum
698 1282 811 1358 profect
812 1301 846 1340 us
848 1283 929 1358 ,ipso
941 1283 990 1341 illo
1003 1283 1049 1341 die
1051 1302 1127 1360 ,quo

184 1385 231 1442 lex
246 1393 289 1440 est
278 1383 357 1440 ttlaa
372 1381 408 1438 de
423 1381 524 1448 nobis;
546 1379 731 1437 Brundisium
750 1380 815 1436 veni
835 1379 930 1438 Nonis
951 1379 1126 1440 Sextilibus.

185 1482 225 1538 ibi
239 1480 310 1537 mihi
325 1478 451 1536 Tulliola
465 1496 531 1535 mea
544 1476 597 1534 fuit
610 1487 726 1552 praesto
740 1476 826 1534 natali
846 1495 899 1535 suo
919 1478 984 1552 ipso
1005 1478 1060 1550 die,
1076 1481 1127 1555 qui

187 1596 254 1636 casu
276 1576 353 1634 idem
374 1575 476 1632 natalis
497 1583 557 1634 erat
581 1584 610 1632 et
632 1574 823 1632 Brundisinae
846 1575 981 1633 coloniae
1006 1586 1035 1633 et
1060 1588 1128 1638 tuae

186 1675 299 1732 vicinae
332 1672 455 1743 Salutis;
491 1689 565 1746 quae
593 1689 639 1729 res
667 1671 867 1730 animadversa
894 1691 913 1729 a
940 1673 1127 1733 multitudine

187 1760 342 1866 summaK
320 1769 559 1827 Brundisinorum
577 1778 640 1844 grat
630 1769 768 1826 tulatione
788 1769 932 1826 celebrata
953 1780 1005 1828 est.
1049 1773 1128 1830 Ante

188 1829 330 1925 diemqu'.
335 1842 416 1924 idus
438 1866 507 1924 Sext
509 1867 559 1924 iles
583 1865 717 1940 cognovi,
734 1860 813 1943 [cum
836 1866 982 1924 Brundisii
1007 1866 1126 1948 essem,]

189 1963 220 2021 lit
209 1964 287 2021 tteris
317 1961 429 2034 Quinti,
456 1964 578 2020 mirifico
608 1962 702 2020 studio
730 1962 861 2019 omnium
889 1973 1016 2021 aetatum
1042 1976 1129 2043 atque

189 2061 332 2130 ordinum,
347 2061 505 2119 incredibili
524 2078 666 2120 concursu
685 2058 783 2117 Italiae
801 2059 897 2135 legem
916 2062 1040 2122 comitiis
1060 2084 1129 2123 een-

189 2159 299 2218 turiatis
322 2177 385 2217 esse
408 2158 566 2234 perlatamz·
589 2158 657 2216 inde
679 2176 696 2216 a
716 2156 897 2214 Brundisinis
917 2157 1130 2221 honestissimis

190 2268 307 2315 ornatus
322 2258 374 2315 iter
388 2257 428 2314 ita
446 2255 509 2327 ieci,
523 2266 555 2314 ut
573 2255 701 2330 undique
720 2254 758 2312 ad
780 2272 828 2311 me
850 2273 918 2312 cum
937 2258 1131 2330 gratulatione

189 2353 276 2428 legati
291 2353 486 2413 convenerint.
528 2369 553 2427 5.
575 2353 626 2412 Ad
639 2354 740 2410 urbem
754 2351 793 2410 ita
806 2352 880 2422 veni,
891 2361 923 2410 ut
937 2371 1026 2413 nemo
1045 2358 1131 2417 ullius

190 2451 299 2508 ordinis
313 2450 403 2508 homo
418 2451 627 2508 nomenclatori
641 2459 728 2507 notus
747 2448 840 2518 fuerit,
855 2450 904 2524 qui
923 2451 995 2508 mihi
1013 2454 1131 2514 obviam

190 2565 252 2606 non
275 2549 392 2618 venerit,
414 2558 527 2623 praeter
551 2567 603 2607 eos
626 2548 768 2618 inimicos
788 2547 892 2623 quibus
917 2548 946 2605 id
966 2549 1064 2624 ipsum
1086 2549 1131 2632 [se

191 2646 324 2704 inimicos
349 2641 427 2724 esse]
453 2663 513 2702 non
537 2645 635 2705 liceret
658 2658 707 2703 aut
731 2645 909 2703 dissimulare
937 2657 987 2704 aut
1008 2667 1131 2725 negare.

139 2738 141 2742 ’
192 2742 269 2802 Cum
290 2744 434 2801 venissem
455 2743 493 2801 ad
513 2753 628 2821 portam
649 2743 808 2819 Capenam,
828 2743 936 2818 gradus
955 2747 1131 2821 templorum

191 2843 229 2898 ab
243 2841 344 2898 infima
357 2841 442 2916 plebe
457 2841 593 2917 completi
607 2852 696 2912 erant,
708 2859 726 2899 a
736 2858 793 2916 qua
804 2841 907 2914 plausu
921 2843 1050 2901 maximo
1064 2865 1131 2905 cum

191 2948 267 2997 esset
290 2938 359 2995 mihi
382 2938 533 3013 gratulatio
559 2939 725 3014 significata,
747 2939 845 2998 similis
870 2949 898 2997 et
922 2939 1083 3016 frequentia
1103 2956 1132 3004 et

192 3036 310 3111 plausus
325 3053 478 3109 meusque
493 3035 530 3092 ad
550 3034 725 3110 Capitolium
741 3036 921 3107 celebravit,
913 3056 944 3094 m
962 3037 1085 3114 foroque
1104 3051 1132 3100 ct

192 3135 223 3191 in
244 3134 308 3208 ipso
334 3131 479 3207 Capitolio
503 3133 635 3191 miranda
654 3133 813 3233 multitudo
837 3133 897 3191 fuit.
938 3133 1111 3195 Postridie
1102 3157 1132 3196 m

193 3229 435 3306 senatu‚qu1luit
456 3231 518 3289 dies
538 3201 691 3289 Nonaruin
713 3230 881 3306 Septembr,
897 3233 1007 3291 senatui
1026 3236 1133 3309 gratias

193 3328 314 3403 egimus
346 3329 375 3384 6.
391 3326 436 3384 Eo
447 3327 537 3386 biduo
548 3346 615 3386 cum
626 3338 701 3386 esset
712 3346 846 3386 annonae
861 3347 974 3387 summa
988 3332 1092 3389 caritas
1106 3344 1134 3391 et

195 3424 329 3484 homines
343 3424 381 3483 ad
396 3424 537 3484 theatrum
556 3426 661 3502 primo,
676 3426 781 3484 deinde
803 3427 840 3485 ad
860 3440 993 3487 senatum
1011 3445 1134 3488 concur·
