2356 3810
159 220 219 268 120
302 167 312 184 ’
424 214 464 264 rr.
490 215 609 262 rurrrr
630 212 818 263 oroanours
974 195 1046 285 {rus
1060 211 1094 260 11.

154 385 210 444 ego
238 364 366 436 arbitror,
394 376 513 442 propter
540 365 616 425 hanc
641 365 840 439 παλιγγενεσίαν
870 371 999 421 nostram
1032 379 1095 420 non

155 464 386 540 neglegendam:
416 481 475 539 qua
498 482 529 521 re
552 473 583 521 tu
605 481 729 539 quoque,
751 464 792 519 mi
816 461 921 532 Attice,
942 460 1037 537 incipe
1065 460 1096 518 id

154 580 270 641 cupere,
285 578 344 638 quo
359 579 413 619 nos
427 561 523 619 minus
537 561 627 637 inepti
641 560 798 619 videamur.

336 723 384 783 43.
426 719 484 778 AD
505 717 756 780 FAMILIARES
777 717 859 777 XIV.
882 729 910 791 5.

210 831 428 895 Scn.Arnnu1s
449 853 476 892 r.
490 851 518 890 n.
540 851 586 890 xv.
608 831 685 891 Krn.
709 832 844 892 Novauu.
866 849 949 892 nuc.
972 844 1040 908 704.

369 957 494 998 runrrus
512 957 536 998 s.
557 957 585 997 o.
606 956 772 997 rannnrrrr
792 955 875 999 sura.

198 1072 224 1113 1.
246 1052 278 1110 Sr
295 1063 328 1111 tu
349 1063 377 1110 et
397 1052 506 1123 Tullia,
522 1051 571 1110 lux
592 1061 698 1122 nostra,
713 1051 821 1122 valetis,
843 1070 900 1127 ego
915 1063 943 1110 et
963 1054 1096 1114 suavissi-

154 1170 220 1209 mus
240 1150 346 1209 Cicero
370 1150 506 1207 valemus.
549 1148 595 1205 Pr.
618 1147 688 1206 Idus
712 1147 778 1206 Oct.
800 1147 933 1208 Athenas
957 1153 1095 1223 venimus,

151 1267 221 1307 cum
237 1265 306 1305 sane
321 1246 447 1305 adversis
466 1247 558 1304 ventis
573 1246 617 1303 usi
637 1262 768 1304 essemus
790 1245 928 1321 tardeque
941 1257 971 1305 et
984 1249 1095 1306 incom-

153 1345 243 1403 mode
256 1344 482 1419 navigassemus.
508 1341 570 1400 'De
590 1360 664 1400 nave
682 1344 853 1401 exeuntibus
871 1345 958 1402 nobis
971 1345 1096 1403 Acastus

155 1461 223 1502 cum
257 1440 356 1499 litteris
384 1450 500 1516 praesto
531 1439 583 1497 fuit
611 1457 672 1498 uno
700 1450 729 1499 et
756 1441 915 1499 vicensimo
943 1442 996 1512 die,
1024 1460 1096 1501 sane

155 1549 279 1598 strenue.
320 1537 431 1612 Accepi
451 1546 515 1595 tuas
535 1537 649 1607 litteras,
671 1538 775 1613 quibus
802 1537 927 1596 intellexi
950 1549 979 1598 te
1006 1544 1096 1600 vereri

155 1656 193 1696 ne
221 1635 382 1710 superiores
410 1634 480 1692 mihi
508 1635 637 1693 redditae
666 1653 727 1693 non
747 1645 864 1694 essent:
898 1654 1002 1696 omnes
1028 1649 1097 1697 sunt

154 1733 282 1794 redditae
305 1731 580 1808 diligentissimeque
605 1751 622 1790 a
644 1743 672 1790 te
701 1734 859 1810 perscripta
881 1745 949 1792 sunt
975 1739 1075 1796 omnia
1086 1758 1094 1810 ;

154 1834 241 1908 idque
255 1829 325 1887 rnihi
339 1829 533 1904 gratissimum
548 1829 609 1888 fuit.
650 1829 755 1905 Neque
770 1848 835 1888 sum
847 1832 1006 1892 admiratus
1020 1833 1096 1894 hanc

151 1928 315 2005 epistolam,
329 1944 420 2001 quarn
433 1926 557 1985 Acastus
572 1927 670 1998 attulit,
686 1927 802 1984 brevem
816 1927 923 2000 fuisse;
945 1931 1003 1988 iarn
1017 1933 1095 1990 enirn

153 2046 202 2085 me
222 2026 319 2100 ipsum
340 2033 491 2100 exspectas
513 2025 572 2082 sive
599 2043 654 2082 nos
682 2025 769 2100 ipsos,
792 2026 841 2100 qui
866 2027 983 2101 quidem
1007 2047 1095 2106 quarn

154 2127 280 2202 primum
298 2122 336 2181 ad
354 2140 407 2181 vos
426 2123 522 2180 venire
536 2124 677 2198 cupimus,
693 2123 753 2192 etsi,
768 2123 798 2184 ln
819 2140 907 2197 quam
922 2143 984 2182 rern
1003 2129 1096 2202 publi·

151 2241 219 2280 earn
247 2221 403 2290 veniamus,
432 2220 587 2296 intellego:
621 2221 746 2294 cognovi
773 2220 851 2277 enim
879 2239 915 2278 ex
939 2223 1096 2283 multorum

154 2321 313 2378 amicorum
340 2317 446 2389 litteris
476 2336 548 2394 quas
576 2318 667 2376 attulit
696 2317 830 2385 Acastus,
859 2318 897 2376 ad
925 2337 1006 2378 arma
1032 2341 1096 2380 rem

152 2427 292 2493 spectare,
315 2424 347 2474 ut
373 2415 452 2486 mihi,
475 2434 543 2473 oum
569 2434 684 2487 venero,
713 2415 892 2473 dissimulare
915 2434 976 2473 non
1003 2417 1095 2492 liceat,

154 2513 224 2591 quid
245 2512 376 2571 sentiam.
419 2512 485 2583 Sed,
507 2514 646 2588 quoniam
667 2513 819 2571 subeunda
840 2513 955 2572 fortuna
982 2526 1034 2586 est,
1059 2536 1096 2576 eo

155 2613 236 2671 citius
251 2610 383 2668 dabimus
400 2627 527 2684 operam,
542 2620 574 2668 ut
592 2611 750 2681 veniamus,
766 2628 825 2686 quo
846 2609 956 2668 facilius
977 2611 1014 2670 de
1035 2623 1097 2672 tota

155 2730 185 2770 re
210 2708 409 2767 deliberemus.
451 2708 499 2766 Tu
522 2708 616 2778 velim,
638 2709 718 2783 quod
742 2706 900 2766 commodo
927 2708 1096 2769 valetudinis

155 2823 220 2867 tuae
235 2806 292 2875 fiat,
308 2823 395 2881 quam
414 2805 581 2881 longissime
605 2807 714 2882 poteris
732 2806 847 2864 obviarn
862 2805 947 2863 nobis
961 2808 1093 2882 prodeas.

157 2927 183 2966 2.
205 2903 251 2961 De
279 2901 434 2961 hereditate
461 2903 608 2974 Preciana,
636 2922 711 2980 quae
739 2903 856 2980 quidem
889 2903 959 2960 mihi
986 2922 1096 2980 magno

154 3003 247 3064 dolori
275 3001 441 3060 est-valde
469 3002 547 3058 enim
574 3001 654 3058 illurn
680 3001 824 3069 amari-,
848 3000 901 3058 sed
928 2999 986 3058 hoc
1010 3003 1096 3061 velim

151 3117 256 3164 cures:
278 3099 302 3156 si
316 3098 412 3156 auctio
426 3109 492 3156 ante
511 3117 609 3156 meum
624 3098 781 3156 adventum
798 3097 855 3167 fiet,
869 3107 901 3154 ut
915 3095 1095 3173 Pomponius

154 3211 212 3273 aut,
227 3200 251 3257 si
265 3199 289 3256 is
302 3197 399 3254 minus
413 3197 524 3272 poterit,
540 3194 679 3254 Camillus
698 3205 829 3253 nostrum
843 3195 993 3270 negotium
1007 3208 1094 3257 curet.

155 3300 222 3358 Nos
235 3315 302 3355 cum
316 3294 384 3352 salvi
398 3295 568 3364 venerimus,
582 3293 691 3369 reliqua
705 3311 757 3368 per
770 3309 826 3352 nos
841 3310 980 3367 agemus3
1002 3294 1046 3350 sin
1063 3305 1095 3354 tu

153 3400 212 3457 iam
232 3395 329 3453 Roma
349 3391 478 3470 prolecta
498 3392 562 3463 eris,
584 3401 681 3449 tamen
703 3391 824 3461 curabis,
846 3401 878 3449 ut
899 3389 957 3449 hoc
977 3391 1015 3449 ita
1036 3391 1093 3452 fiat.
