2348 3788
114 195 158 278 96
386 210 425 261 Μ.
448 209 571 258 rurrrr
592 210 779 260 cressonis
939 195 1007 280 [aaa
1022 210 1054 257 11.

117 356 191 427 ‘qua
210 351 240 408 in
259 349 374 409 causal’
414 350 456 408 M.
477 351 630 422 Tuccium,
652 360 851 410 accusatorem
872 369 967 420 suum,
988 360 1057 427 post

115 450 200 508 ludos
219 449 370 507 Romanos
384 468 465 507 reum
484 450 548 525 lege
568 451 660 508 Plotia
674 450 710 508 de
724 451 752 506 vi
771 431 909 508 fecithoc
924 451 1056 519 consilio,

77 533 78 536 ¹
115 547 196 622 quod
220 546 343 616 videbat,
369 547 392 604 si
413 548 654 606 extraordinarius
678 565 744 606 reus
769 565 856 604 nemo
877 540 1056 616 accessisset,

117 647 170 702 sibi
194 644 250 703 hoc
274 662 353 702 anno
377 663 495 703 causam
523 664 587 704 esse
615 645 786 716 dicendam;
822 645 943 702 dubium
970 663 1057 720 porro

116 744 155 800 illi
180 761 240 800 non
263 752 330 809 erat,
354 743 424 816 quid
445 743 571 800 futurum
595 753 679 802 esset.
723 742 841 801 Nemini
865 743 923 801 hoc
944 743 1056 800 deferre

116 840 320 898 munusculum
344 841 444 898 maluit
468 859 556 916 quarn
580 860 634 899 suo
659 841 827 899 accusatori.
869 840 971 916 Itaque
995 842 1057 898 sine

117 939 174 996 ullo
195 939 388 1014 subscriptore
409 939 557 997 descendit
577 949 606 997 et
627 940 771 997 Tuccium
795 957 877 997 reum
899 938 975 997 lecit.
1018 940 1058 996 At

116 1055 182 1111 ego,
214 1037 299 1095 simul
332 1046 419 1113 atque
455 1037 557 1108 audivi,
592 1039 740 1096 invocatus
775 1036 813 1094 ad
847 1037 983 1096 subsellia
1018 1039 1058 1094 rei

117 1152 253 1204 occurr03
290 1152 387 1210 surgo,
416 1153 510 1211 neque
545 1137 663 1193 verbum
697 1136 734 1194 de
768 1154 799 1194 re
834 1135 927 1194 facio:
962 1146 1056 1194 toturn

118 1232 323 1308 Sempronium
349 1251 441 1308 usque
469 1251 505 1291 eo
533 1251 652 1309 perago,
679 1245 712 1292 ut
739 1233 905 1292 Vestorium
939 1251 1057 1309 quoque

116 1333 299 1406 interponam
320 1339 349 1388 et
367 1330 445 1388 illam
464 1330 592 1388 fabulam
612 1349 732 1402 narrem,
754 1350 842 1408 quem
870 1332 908 1390 ad
935 1333 1058 1390 modum

117 1430 168 1488 tibi
189 1446 243 1504 pro
265 1428 406 1486 beneficio
431 1428 549 1500 dederit,
571 1428 592 1496 †
616 1430 740 1505 siquod
762 1430 871 1488 iniuriis
892 1431 951 1489 suis
973 1443 1057 1498 esset,

116 1538 149 1584 ut
178 1526 329 1584 Vestorius
361 1536 477 1584 teneret.
521 1546 547 1586 a.
569 1527 653 1585 Haec
684 1545 801 1603 quoque
835 1545 944 1603 magna
979 1546 1058 1586 nunc

117 1625 264 1685 contentio
285 1623 380 1682 lorum
401 1634 495 1683 tenet:
525 1624 567 1683 M.
589 1625 723 1684 Servilius
747 1636 910 1702 postquam,
933 1636 966 1684 ut
989 1645 1057 1696 ¹coe-

118 1732 206 1800 perat,
227 1723 363 1780 omnibus
386 1722 415 1779 in
439 1724 524 1781 rebus
546 1725 672 1782 turbarat
694 1742 749 1782 nec
771 1724 852 1799 quod
873 1740 934 1788 non
950 1725 1057 1782 vende-

117 1833 161 1880 ret
181 1821 337 1898 quicquam
360 1821 510 1897 reliquerat
533 1822 718 1897 maximaque
742 1823 827 1880 nobis
850 1823 969 1881 traditus
999 1835 1060 1881 erat

118 1922 231 1992 invidia,
247 1936 341 1993 neque
363 1919 526 1977 Laterensis
546 1932 662 1995 praetor
682 1921 883 1996 expostulante
904 1919 1056 1991 Pausania,

119 2023 204 2080 nobis
235 2019 371 2096 patronis,
398 2036 456 2085 ovo
485 2036 523 2076 un
553 2034 674 2076 naevum
704 2036 901 2088 Pnnvrmssrer,
929 2019 1057 2094 recipere

119 2121 215 2191 voluit,
236 2118 272 2190 Q.
289 2118 385 2188 PiliuS,
404 2117 583 2174 necessarius
604 2116 691 2174 Attici
712 2099 810 2188 nostri,
832 2117 869 2175 de
890 2119 1057 2193 repetundis

120 2239 187 2278 eum
208 2217 376 2294 postulavit:
404 2234 513 2291 magna
533 2216 598 2274 ilico
620 2215 697 2272 fama
719 2217 840 2274 surrexit
862 2225 890 2274 et
914 2216 952 2274 de
976 2217 1059 2292 damf

120 2318 236 2375 natione
259 2315 399 2373 ferventer
419 2314 498 2388 loqui
519 2323 563 2372 est
583 2323 728 2388 coeptum.
772 2313 842 2384 Quo
862 2324 950 2372 vento
972 2309 1059 2390 pioii-

119 2417 191 2474 citur
218 2415 332 2490 Appius
363 2414 467 2482 minor,
495 2422 527 2470 ut
556 2412 693 2470 indicaret
720 2413 874 2488 pecuniam
905 2431 942 2470 ex
973 2414 1060 2472 bonis

118 2512 207 2590 patris
229 2511 391 2587 pervenisse
413 2510 451 2568 ad
471 2509 620 2567 Servilium
639 2510 949 2585 praevaricationisque
971 2530 1059 2569 causa

120 2613 227 2671 diceret
262 2609 426 2685 depositum
461 2606 524 2665 HS.
555 2626 649 2665 Lxxxr.
691 2607 850 2666 Admiraris
885 2599 1060 2667 amentiam:¹

119 2713 210 2768 immo
238 2709 262 2766 si
289 2707 434 2779 actionem
465 2705 701 2781 stultissimasque
729 2705 766 2763 de
798 2723 838 2776 se,
867 2705 991 2764 nefarias
1024 2709 1060 2764 de

119 2818 200 2883 patre
235 2806 434 2864 confessiones
469 2803 617 2862 audisses?
674 2822 700 2877 3.
722 2803 810 2860 Mittit
844 2803 873 2860 in
908 2804 1060 2862 consilium

120 2903 240 2964 eosdem
259 2903 331 2973 illos,
349 2903 399 2978 qui
419 2903 481 2960 lites
498 2903 689 2971 aestimarant,
710 2901 826 2958 iudices.
869 2899 945 2958 Cum
965 2920 1060 2978 aequo

121 3019 242 3060 numero
271 3001 428 3058 sententiae
456 2999 585 3069 fuissent,
615 2999 779 3056 Laterensis
810 2998 889 3072 leges
920 2999 1060 3074 ignorans

121 3099 324 3178 pronuntiavit,
345 3097 413 3172 quid
435 3096 538 3171 singuli
553 3096 674 3155 ⁴ordines
696 3097 878 3166 iudicassent,
900 3107 929 3155 et
947 3097 986 3156 ad
1010 3118 1059 3156 ex-

121 3211 252 3267 tremum,
269 3206 312 3253 ‘ut
340 3196 440 3263 solent,
465 3212 523 3253 non
550 3213 689 3253 nnnronu·
741 3193 900 3270 Postquam
929 3195 1061 3255 discessit

122 3309 150 3357 et
179 3313 232 3372 pro
260 3293 392 3352 absoluto
422 3291 554 3360 Servilius
583 3293 682 3350 haberi
709 3304 829 3368 coeptus
858 3303 901 3352 est
930 3293 1060 3371 legisque

123 3413 212 3456 unum
235 3404 264 3452 et
287 3392 477 3451 centesimum
501 3400 588 3466 caput
606 3391 684 3466 legit,
705 3391 735 3448 in
758 3410 816 3466 quo
839 3391 879 3450 ita
900 3395 969 3465 erat,
984 3412 1061 3462 ovoo

891 3622 914 3655 κ’..
932 3668 938 3673 .

878 3630 952 3759 κ
975 3710 994 3733 1,,
