2356 3810
116 228 156 295 28
385 243 424 294 M.
452 243 570 292 Turum
591 246 780 293 orcanoms
864 310 867 324 ἱ
947 231 1054 324 [rarsi.

114 399 293 476 appellantur
313 401 391 472 boni,
413 402 462 476 qui
484 401 554 459 mihi
576 419 637 460 non
661 402 751 460 modo
773 387 979 478 praemiorum,
1003 402 1053 460 sed

114 517 151 556 ne
186 517 354 556 sermonum
388 498 506 575 quidem
542 518 683 576 umquam
720 499 844 558 fructum
879 500 968 557 ullu'm
1005 511 1055 558 aut

114 596 235 670 gratiam
262 597 437 655 rettulerunt.
484 617 511 671 3.
543 596 633 667 Quod
661 598 686 655 si
713 598 742 655 in
771 616 837 655 eam
865 615 913 655 me
941 608 1054 673 partem

114 695 270 763 incitarem,
303 694 434 768 profecto
465 696 523 752 iam
552 695 677 770 aliquam
710 696 866 771 reperirem
901 695 1054 753 resistendi

114 792 207 848 viam:
229 809 307 850 nunc
327 810 445 867 prorsus
465 791 522 850 hoc
544 793 636 862 statui,
658 802 697 862 ut,
721 793 859 867 quoniam
880 801 960 850 tanta
983 811 1055 851 con-

113 889 250 946 troversia
268 899 311 946 est
329 889 518 960 Dicaearcho,
537 889 667 946 familiari
682 900 741 959 tuo,
756 908 823 947 cum
838 889 1054 965 Theophrasto,

115 986 209 1043 amico
227 1003 303 1056 meo,
323 995 355 1043 ut
373 986 419 1043 ille
437 996 503 1044 tuus
520 989 564 1041 τὸν
583 989 719 1059 πρακτικὸν
734 989 793 1055 βίον
810 986 898 1062 longe
918 989 1055 1046 omnibus

115 1094 279 1159 anteponat,
309 1084 355 1142 hic
380 1095 476 1143 autem
498 1087 542 1140 τὸν
563 1086 720 1157 θεωρητικόν,
747 1085 860 1160 utrique
881 1103 898 1141 a
918 1103 967 1143 me
988 1103 1054 1143 mos

114 1191 212 1255 gestus
231 1199 294 1239 esse
309 1182 455 1253 videatur;
477 1191 548 1258 puto
569 1183 647 1239 enim
667 1201 714 1240 me
736 1182 917 1240 Dicaearcho
934 1182 1055 1241 adfatim

115 1280 182 1337 satis
203 1279 314 1350 iecisse,
334 1281 457 1356 respicio
479 1298 557 1338 nunc
579 1281 617 1338 ad
634 1279 709 1339 hane
727 1280 873 1348 familiam,
889 1299 964 1356 quae
983 1281 1054 1338 mihi

113 1395 175 1434 non
205 1379 303 1443 modo,
335 1388 367 1436 ut
397 1378 584 1453 requiescam,
613 1379 756 1453 permittit,
779 1379 831 1436 sed
859 1378 1054 1453 reprehendit,

114 1477 256 1552 quianon
271 1459 385 1551 semper
399 1477 526 1552 quierim.
571 1476 639 1548 Qua
652 1495 681 1534 re
696 1477 905 1546 incumbamus,
921 1495 940 1534 0
955 1488 1055 1535 noster

115 1573 190 1644 Tite,
212 1575 249 1631 ad
270 1575 317 1631 illa
337 1575 483 1650 praeclara
504 1575 598 1632 studia
616 1587 645 1633 et
663 1593 707 1646 eo,
726 1576 804 1632 unde
826 1575 973 1633 discedere
992 1593 1055 1633 non

115 1673 248 1747 oportuit,
277 1672 432 1747 aliquando
464 1683 644 1730 revertamur.
697 1691 723 1744 4.
757 1673 846 1744 Quod
880 1671 916 1730 de
952 1672 1056 1745 Quinti

114 1770 207 1828 fratris
234 1769 356 1846 epistola
378 1771 486 1840 scribis
512 1772 620 1828 adme
644 1789 762 1846 quoque
785 1771 836 1828 luit
858 1773 958 1845 πρόσθε
980 1774 1053 1842 λέων,

115 1869 203 1925 ὄπιθεν
230 1871 267 1936 δὲΙ
284 1902 333 1930 -.
383 1867 463 1940 Quid
487 1869 581 1926 dicam
609 1870 726 1926 nescio:
756 1887 824 1925 nam
853 1869 892 1927 ita
924 1869 1054 1943 deplorat

76 2007 77 2012 κ
115 1967 214 2044 primis
238 1968 365 2026 versibus
393 1968 577 2059 mansionem
605 1986 696 2038 suam,
721 1976 752 2024 ut
780 1967 909 2042 quemvis
937 1985 1055 2025 movere

115 2067 224 2141 possit;
245 2067 285 2124 ita
302 2084 399 2124 rursus
419 2064 549 2136 remittit,¹
562 2070 593 2123 ut
613 2083 661 2122 me
681 2075 772 2139 roget,
793 2074 824 2121 ut
845 2063 964 2122 annales
986 2083 1055 2124 suos

115 2165 269 2222 emendem
286 2175 315 2222 et
334 2165 427 2222 edam.
469 2163 544 2222 Illud
563 2174 669 2233 tamen,
693 2162 773 2238 quod
794 2163 899 2228 scribit,
923 2163 1054 2221 animad-

115 2251 215 2320 vertas*
238 2263 332 2333 velim,
364 2263 400 2320 de
429 2263 558 2338 portorio
588 2261 855 2332 circumvectionis;
885 2261 924 2319 ait
957 2279 989 2318 se
1018 2262 1055 2319 de

48 2387 52 2399 ¹
116 2359 227 2418 consilii
254 2361 396 2418 sententia
423 2379 484 2418 rem
512 2360 549 2418 ad
580 2369 713 2418 senatum
741 2359 892 2416 reiecisse:
921 2359 1055 2417 nondum

114 2458 245 2516 videlicet
265 2475 346 2515 meas
364 2458 469 2516 litteras
488 2458 604 2532 legerat,
625 2457 730 2532 quibus
745 2455 782 2514 ad
796 2474 864 2514 eum
877 2474 907 2514 re
922 2457 1056 2515 consulta

115 2564 144 2613 et
171 2555 319 2630 explorata
349 2555 552 2630 rescripseram
582 2573 642 2612 non
671 2554 778 2612 deberi.
819 2552 924 2625 Velim,
953 2554 977 2611 si
1005 2556 1055 2631 qui

116 2652 221 2711 Graeci
234 2653 292 2710 iam
307 2652 434 2710 Romam
448 2671 485 2710 ex
498 2653 568 2710 Asia
585 2652 620 2710 de
640 2669 675 2709 ea
694 2669 780 2709 causa
793 2662 941 2720 venerunt,
956 2650 1054 2710 videas

114 2763 151 2821 et,
176 2751 201 2808 si
223 2751 449 2821 tibividebitur,x
468 2751 502 2808 iis
524 2733 713 2820 demonstres,
738 2749 809 2826 quid
830 2767 887 2825 ego
909 2749 945 2807 de
967 2768 1003 2808 ea
1023 2769 1054 2809 re

115 2850 245 2909 sentiam.
295 2848 326 2906 Si
352 2868 473 2925 possum
501 2848 656 2918 discedere,
686 2866 724 2906 ne
759 2865 846 2906 causa
879 2847 991 2924 optima
1021 2848 1055 2929 in

115 2958 216 3008 senatu
244 2957 349 3022 pereat,
378 2965 434 3022 ego
460 2948 528 3005 satis
553 2946 658 3004 faciam
685 2945 855 3021 publicanis,
876 2948 899 3000 εἰ
921 2949 948 3001 δὲ
970 2940 1055 3018 pl,—

114 3065 180 3106 vere
207 3055 303 3104 tecum
327 3044 499 3120 loquar-in
526 3045 580 3103 hac
594 3064 625 3102 re
648 3033 725 3101 malo
748 3043 898 3102 universae
916 3043 1005 3102 Asiae
1027 3055 1056 3103 et

115 3144 358 3221 negotiatoribus3
379 3161 448 3199 nam
469 3159 570 3200 eorum
591 3160 708 3218 quoque
725 3141 908 3199 vehementer
928 3143 1053 3200 interest.

114 3243 183 3302 Hoc
198 3260 254 3317 ego
269 3241 361 3299 sentio
375 3240 457 3298 valde
471 3241 556 3297 nobis
572 3257 647 3314 opus
661 3257 734 3297 esse.
775 3238 833 3297 Sed
847 3248 879 3309 tu
893 3238 1054 3301 idvidebis.

115 3341 290 3413 Quaestores
309 3349 414 3407 autem,
433 3356 550 3413 quaeso,
570 3356 640 3395 num
659 3339 744 3395 etiam
764 3337 800 3394 de
815 3336 982 3412 cistophoro
1002 3337 1055 3395 du-

115 3439 224 3496 bitant?
245 3455 314 3496 nam
329 3437 352 3495 si
367 3436 442 3494 aliud
457 3436 526 3494 nihil
540 3437 600 3508 erit,
615 3454 682 3495 cum
702 3436 808 3494 erimus
822 3436 921 3494 omnia
935 3435 1055 3512 experti,
