2348 3788
170 211 213 294 98
448 224 487 278 rr.
512 226 631 274 auran
653 224 840 273 croanonrs
997 206 1066 292 [aar.
1081 223 1114 272 rr.

171 375 356 436 referretur
376 395 399 434 a>
412 377 626 448 consulibus,
642 377 701 453 qui
720 390 836 434 eorum
858 375 892 432 in
913 393 971 435 coc.
991 376 1116 435 iudici·

170 476 233 532 bus
248 483 372 542 essent,
387 492 446 532 eos
464 475 635 534 adducere
653 475 783 532 liceret.
827 473 862 531 Si
875 473 957 548 quid
971 473 1012 530 de
1026 491 1068 531 ea
1081 493 1116 531 re

171 573 213 628 ad
227 571 391 646 populum
406 571 584 646 plebemve
598 572 667 630 lato
682 590 769 647 opus
783 580 881 641 esset,
894 569 1026 628 uti-Ser.
1044 570 1118 628 Sul-

172 670 282 745 picius
309 667 351 726 M.
375 668 562 727 Marcellus
590 687 685 740 coss,
710 677 887 744 praetores
913 668 1118 744 tribunique

172 766 224 842 pl,
238 765 362 840 quibus
376 782 494 823 eorum
506 767 686 838 vide-retur,
701 767 743 824 ad
757 767 925 842 populum
935 765 1119 841 plebemve

147 927 149 931 ,
172 863 318 921 ferrent:
350 863 441 938 quod
459 865 494 920 ri
509 860 532 921 ii
553 882 622 922 non
643 865 814 935 tuli-ssent,
833 864 891 934 uti,
910 864 1120 939 quicumque

173 961 347 1033 deinceps
367 971 491 1032 essent,
513 961 555 1019 ad
582 954 752 1039 populum
775 961 953 1036 plebemve
977 960 1117 1019 ferrent.

173 1077 191 1117 1.
206 1077 235 1116 n.
846 1075 848 1080 ’

216 1157 242 1213 6.
264 1155 315 1213 Pr.
340 1153 414 1214 Kal.
440 1156 611 1216 Octobres
638 1157 673 1213 in
700 1158 788 1216 aede
813 1157 989 1233 Apollinis
1015 1158 1116 1216 scrib.

174 1252 358 1311 adfuerunt
380 1254 417 1313 L..
435 1253 607 1312 Domitius
631 1253 690 1312 Cn.
712 1254 731 1312 f.
753 1255 830 1314 Fab.
854 1255 1117 1322 Ahenobarbus,

175 1351 212 1421 Q.
236 1351 405 1411 Caecilius
426 1351 464 1422 Q
485 1351 504 1410 i
524 1351 604 1409 Fau.
633 1351 798 1412 Metellus
824 1353 903 1411 Pius
930 1351 1058 1428 Scipi-o,
1083 1351 1117 1409 L.

175 1447 302 1505 Villius
330 1447 363 1506 L.
398 1449 417 1507 i
446 1448 543 1506 Pom.
568 1448 713 1506 Annalis
743 1447 776 1507 C.
807 1448 996 1525 Septimius
1026 1449 1065 1507 T.
1098 1447 1117 1506 f.

176 1543 331 1616 Quirina,
359 1545 393 1604 C.
415 1546 577 1604 Lucilius
602 1544 635 1606 C.
645 1545 679 1620 s
701 1545 784 1622 Pup.
804 1545 950 1617 Hirrus,
973 1546 1007 1604 C.
1030 1546 1118 1605 Scri·

176 1641 300 1708 bonius
320 1641 353 1700 C.
368 1643 387 1701 f.
403 1643 482 1719 Pop.
498 1642 610 1713 Curio,
631 1642 664 1701 L.
680 1643 805 1703 Ateius
822 1644 856 1703 L.
873 1645 892 1703 f.
907 1645 968 1702 An.
984 1643 1117 1719 Capito,

69 1736 73 1749 '
176 1739 217 1797 M.
240 1737 372 1814 Eppius
398 1739 440 1799 M.
463 1740 484 1798 f.
510 1740 683 1799 Teretina.
736 1741 837 1812 Quod
864 1741 907 1802 M.
930 1741 1121 1800 Marcellus

176 1855 242 1894 cos.
260 1855 286 1894 V.
304 1837 323 1896 f.
342 1838 382 1895 de
402 1838 601 1914 provinciis,
620 1838 647 1896 d.
662 1858 723 1897 e..r.
738 1839 756 1898 i.
770 1859 804 1911 e.,
824 1851 981 1900 senatum
1001 1840 1122 1897 existi·

176 1953 267 1993 mare
286 1936 460 1994 neminem·
476 1953 602 2006 eorum,
623 1937 680 2012 qui
699 1947 907 2012 potes-tatem
926 1938 1054 1996 babent
1072 1940 1117 1996 in-

177 2033 384 2104 tercedendi,
404 2033 631 2109 impediendi,
646 2052 776 2091 moram
795 2035 930 2094 adferre
948 2047 1117 2112 oportere,

176 2150 244 2209 quo
268 2132 380 2191 minus
405 2132 446 2191 de
472 2151 497 2189 r.
517 2149 545 2206 p.
571 2149 599 2206 p.
625 2130 661 2188 R.
687 2131 725 2203 Q.
751 2132 792 2190 ad
817 2144 977 2192 sena-turn
999 2133 1122 2192 referri·

177 2217 357 2304 senatique
375 2229 570 2287 consultu-m
589 2227 668 2286 lieri
687 2230 816 2304 possit:
839 2231 901 2305 qui·⁴
914 2230 1118 2304 impedierit,

176 2327 402 2403 prohibuerit,
417 2345 495 2385 eum·
512 2335 668 2384 senatum
687 2327 890 2385 existimare
908 2337 1031 2384 eontra
1049 2347 1123 2386 rem<

177 2424 349 2500 publi-cam
370 2423 503 2484 fecisse.
546 2423 584 2480 st
599 2424 676 2498 quis
695 2423 774 2481 huic
793 2441 816 2483 s.
832 2443 857 2483 o.
874 2426 1118 2496 intercesserit,

178 2524 312 2582 senatui
330 2522 467 2598 placere
487 2521 729 2603 auctoritatem
748 2521 918 2596 perscribi
932 2531 965 2578 et
978 2521 1019 2579 de
1033 2541 1073 2580 ea
1086 2542 1123 2581 re·

178 2623 220 2682 ad
239 2631 394 2679 senatum
414 2621 649 2697 populumque
666 2617 795 2676 referri.
837 2617 928 2675 Huic
940 2636 962 2676 s.
976 2637 1002 2676 o.
1017 2619 1122 2677 inter-

179 2720 285 2778 cessit
311 2719 346 2778 C.
370 2718 521 2789 Caelius,
546 2717 579 2776 L.
609 2716 778 2786 Vinicius,
806 2714 838 2774 P.
864 2713 1058 2790 Cornelius,
1087 2717 1120 2776 C.

178 2817 301 2876 Vibius
315 2818 435 2888 Pansa,
450 2805 633 2892 trz'bunt'pl.
996 2877 1002 2891 .

173 2983 176 2989 ¹
222 2929 249 2990 7.
270 2915 356 2974 Item
375 2916 509 2973 senatui
529 2915 667 2991 placere
686 2913 726 2970 de
746 2911 921 2981 milit-ibus,
938 2912 996 2987 qui
1015 2911 1048 2970 in
1068 2931 1121 2971 ex·

180 3016 288 3078 ercitu
323 3013 358 3073 C.
387 3012 546 3072 Caesaris
580 3021 674 3070 sunt:
709 3011 767 3086 qui
799 3027 914 3067 eorum
947 3009 1125 3085 stipendia·

181 3109 322 3177 emerita
342 3121 398 3170 aut
423 3128 554 3180 causas,
575 3111 702 3185 quibus
723 3109 762 3166 de
791 3107 903 3164 causis
927 3106 1024 3165 miss-i
1045 3107 1126 3166 sieri

180 3217 341 3282 debeant,
365 3211 523 3279 habeant,
551 3208 593 3266 ad
623 3207 716 3263 hunc
744 3205 900 3263 ordinem
928 3204 1059 3276 referri,
1087 3217 1126 3265 ut

181 3329 298 3372 eorum
324 3309 413 3368 ratio
441 3307 606 3365 habeatur
633 3321 829 3379 causaeque
854 3313 1126 3377 cognoscantur.

182 3413 217 3476 Si
241 3410 317 3489 quis
340 3407 418 3467 huic
439 3423 462 3466 s.
484 3423 509 3466 c.
533 3403 799 3475 intercessisset,
825 3401 962 3460 senatui
983 3399 1122 3477 placere
