2356 3810
55 215 103 278 ap.
121 199 259 284 130‚131.]
288 211 402 260 umor.
417 211 467 259 nn
480 212 704 261 rammam
726 215 759 262 x.
777 218 828 284 27.
937 216 997 285 257

57 373 134 423 esset
151 363 253 434 futura,
272 363 375 431 vellem
395 373 492 423 tamen
512 382 595 422 meae
614 381 731 440 quoque
749 364 926 422 auctoritatis
945 381 999 440 pro

53 455 189 536 'plurimis
211 460 317 519 nostris
341 460 601 519 necessitudinibus
623 471 811 536 praeceptum
835 461 873 519 ad
897 470 925 519 te
949 461 999 518 ali-

58 558 139 634 quod
158 559 316 633 pervenire.
358 557 453 616 Crede
472 559 557 633 igitur
575 558 653 628 milri,
668 558 783 629 Plance,
798 576 909 628 omnes,
925 576 998 635 quos

58 655 153 715 adhuc
168 656 276 733 gradus
289 655 435 730 dignitatis
450 665 623 714 consecutus
642 656 753 713 sis-es
767 665 863 713 autem
877 656 999 731 adeptus

59 754 302 831 amplissimos-,
332 771 383 812 eos
411 752 555 811 honorum
583 753 724 810 vocabula
753 753 910 823 habituros,
939 770 999 811 non

60 853 205 928 dignitatis
225 852 358 928 insignia,
379 851 434 909 nisi
454 861 483 908 te
505 869 572 910 cum
595 850 722 909 libertate
746 851 848 927 populi
871 850 999 909 Romani

61 961 89 1010 et
115 968 185 1009 cum
212 961 328 1008 senatus
361 949 528 1006 auctoritate
559 949 751 1007 coniunxeris
804 948 931 1023 Sciunge
962 958 999 1016 te,

60 1065 179 1126 quaes0,
194 1047 349 1122 aliquando
370 1048 408 1104 ab
429 1047 555 1117 liscum
576 1047 679 1121 quibus
699 1055 728 1104 te
747 1064 808 1103 non
826 1056 908 1104 tuum
926 1046 1000 1103 iudi·

61 1149 147 1216 cium,
162 1145 214 1204 sed
232 1153 397 1220 temporum
410 1143 503 1201 vinela
517 1145 735 1202 coniunxerunt.
779 1161 805 1217 3.
828 1142 1001 1219 Complures

61 1247 90 1303 in
119 1244 333 1320 perturbatione
355 1241 396 1298 rei
423 1241 554 1316 publicae
580 1241 746 1299 consulares
775 1241 851 1310 dicti,
876 1258 1001 1316 quorum

61 1359 150 1400 nemo
164 1339 323 1398 consularis
338 1337 451 1396 habitus
465 1345 505 1395 est
521 1339 574 1395 nisi
589 1339 637 1413 qui
659 1338 756 1396 animo
771 1338 877 1396 exstitit
896 1339 926 1394 in
939 1356 1000 1395 rem
1068 1344 1071 1349 ’

61 1438 208 1516 publicam
232 1437 383 1495 consulari.
425 1435 530 1493 Talem
557 1436 642 1510 igitur
664 1445 693 1493 te
716 1453 780 1493 esse
804 1444 927 1510 oportet,
953 1436 1002 1511 qui

61 1535 188 1611 primum
220 1542 249 1592 te
280 1535 317 1593 ab
349 1534 505 1609 impiorum
538 1532 642 1589 civium
675 1531 716 1589 tui
748 1530 1002 1589 dissimillimorum

61 1633 200 1690 societate
219 1633 366 1707 seiungas,
388 1630 493 1689 deinde
514 1639 542 1688 te
564 1630 675 1692 senatui
700 1630 844 1706 bonisque
867 1629 1002 1688 omnibus

62 1739 221 1799 auctorem,
250 1729 419 1806 principem,
448 1728 553 1786 ducem
587 1729 737 1803 praebeas,
766 1738 913 1804 postremo
945 1724 1002 1807 [ut]

62 1847 168 1905 pacem
187 1846 251 1887 esse
269 1829 378 1888 iudices
397 1846 459 1886 non
480 1829 510 1884 in
530 1828 617 1884 armis
638 1827 747 1902 positis,
770 1827 872 1885 sedin
891 1826 1003 1884 abiecto

63 1945 212 1986 armorum
228 1937 258 1985 et
274 1927 415 1985 servitutis
434 1935 522 1984 metu.
565 1924 648 1982 Haec
668 1925 692 1983 si
711 1934 739 1982 et
758 1942 828 2001 ages
845 1935 874 1982 et
889 1924 1004 1991 senties,

63 2037 127 2084 turn
150 2025 206 2083 eris
229 2043 289 2082 non
317 2024 407 2082 modo
432 2023 535 2081 consul
559 2033 587 2080 et
615 2022 782 2092 consularis
806 2020 856 2080 sed
881 2037 1005 2095 magnus

63 2124 153 2182 etiarn
175 2121 276 2180 consul
297 2131 327 2179 et
351 2120 526 2190 consularis;
556 2120 600 2177 sin
622 2119 708 2190 aliter,
731 2129 792 2177 tum
813 2119 843 2176 in
864 2118 924 2176 istis
945 2134 1005 2174 am·

64 2219 202 2298 piissimis
222 2220 390 2277 nominibus
412 2218 557 2276 honorum
578 2235 638 2274 non
662 2217 753 2274 modo
776 2216 899 2291 dignitas
929 2215 1007 2272 nulla

65 2318 127 2388 erit,
142 2317 194 2374 sed
209 2317 261 2376 erit
277 2334 392 2375 summa
407 2315 580 2374 deformitas.
623 2313 707 2372 Haec
721 2313 862 2389 impulsus
881 2314 1007 2370 benevo-

65 2415 155 2473 lentia
176 2414 276 2488 scripsi
297 2413 383 2490 paulo
405 2413 538 2483 severius,
560 2429 635 2488 quae
659 2420 691 2468 tu
717 2411 746 2467 in
772 2409 948 2484 experiendo
969 2427 1008 2467 ea

68 2511 187 2580 ratione,
202 2528 277 2586 quae
296 2520 324 2569 te
339 2510 428 2587 digna
446 2519 499 2581 est,
513 2527 580 2567 vera
599 2527 662 2568 esse
682 2526 854 2584 cognosces.
895 2506 932 2566 D.
947 2525 1007 2566 xm.

67 2607 136 2666 Kal
149 2609 221 2685 Apr.

257 2768 323 2824 131
365 2763 424 2823 Ar>
445 2763 547 2822 mm
533 2759 746 2821 mrarusx
747 2729 832 2835 ,77

212 2877 278 2938 Ser.
301 2877 410 2938 Romu
430 2895 524 2936 urrisu
545 2877 667 2935 Manno
688 2893 771 2936 n...uc
794 2888 862 2950 711.

385 2998 488 3043 cremo
509 3001 613 3042 eramo
633 3001 694 3040 sna.

115 3119 141 3160 1.
163 3098 252 3171 Quon
279 3096 350 3156 mihi
377 3116 431 3174 pro
456 3116 570 3156 summa
590 3117 647 3154 mea
671 3115 741 3172 erga
760 3105 789 3156 te
809 3094 1009 3155 benevolentia

69 3215 197 3273 magnae
225 3213 309 3254 curae
337 3204 390 3265 est,
417 3204 449 3253 ut
476 3213 563 3271 quam
592 3194 767 3270 amplissima
789 3193 932 3268 dignitate
960 3194 1007 3263 sis,

70 3296 194 3355 moleste
215 3293 267 3350 tuli
288 3301 316 3350 te
338 3293 449 3351 senatui
469 3293 575 3368 gratias
595 3311 655 3350 non
677 3292 777 3368 egisse,
794 3310 859 3350 eum
879 3309 958 3349 esses
972 3292 1009 3349 ab
1058 3344 1067 3363 ,

72 3413 110 3455 eo
129 3391 231 3452 ordine
252 3399 370 3450 ornatus
392 3391 511 3449 summis
532 3389 697 3448 honoribus.
739 3389 823 3451 Pacis
843 3389 915 3447 inter
934 3390 1009 3449 cives

535 3504 550 3546 s
