<?xml version="1.0" encoding="UTF-8"?>
<!DOCTYPE html PUBLIC "-//W3C//DTD XHTML 1.0 Transitional//EN"
    "http://www.w3.org/TR/xhtml1/DTD/xhtml1-transitional.dtd">
<html xmlns="http://www.w3.org/1999/xhtml" xml:lang="en" lang="en">
 <head>
  <title>
</title>
<meta http-equiv="Content-Type" content="text/html;charset=utf-8" />
  <meta name='ocr-system' content='tesseract 3.04.00' />
  <meta name='ocr-capabilities' content='ocr_page ocr_carea ocr_par ocr_line ocrx_word'/>
</head>
<body>
  <div class='ocr_page' id='page_1' title='image "./epistolaeselect01cicegoog_0090.png"; bbox 0 0 2356 3810; ppageno 0'>
   <div class='ocr_carea' id='block_1_1' title="bbox 116 173 1057 258">
    <p class='ocr_par' dir='ltr' id='par_1_1' title="bbox 116 173 1057 258">
     <span class='ocr_line' id='line_1_1' title="bbox 116 173 1057 258; baseline -0.002 -19"><span class='ocrx_word' id='word_1_1' title='bbox 116 194 157 258; x_wconf 89' lang='lat'>74</span> <span class='ocrx_word' id='word_1_2' title='bbox 385 184 425 239; x_wconf 81' lang='lat' dir='ltr'>M.</span> <span class='ocrx_word' id='word_1_3' title='bbox 450 188 569 237; x_wconf 80' lang='lat' dir='ltr'>rutrrr</span> <span class='ocrx_word' id='word_1_4' title='bbox 590 186 778 235; x_wconf 79' lang='lat' dir='ltr'>ercanorrrs</span> <span class='ocrx_word' id='word_1_5' title='bbox 938 173 1008 256; x_wconf 70' lang='lat' dir='ltr'>[rurs</span> <span class='ocrx_word' id='word_1_6' title='bbox 1024 189 1057 237; x_wconf 90' lang='lat'>11.</span> 
     </span>
    </p>
   </div>
   <div class='ocr_carea' id='block_1_2' title="bbox 114 332 1062 807">
    <p class='ocr_par' dir='ltr' id='par_1_2' title="bbox 114 332 1062 807">
     <span class='ocr_line' id='line_1_2' title="bbox 115 332 1060 414; baseline -0.004 -17"><span class='ocrx_word' id='word_1_7' title='bbox 115 347 263 414; x_wconf 87' lang='lat' dir='ltr'>exspecto,</span> <span class='ocrx_word' id='word_1_8' title='bbox 280 336 351 413; x_wconf 89' lang='lat' dir='ltr'>quid</span> <span class='ocrx_word' id='word_1_9' title='bbox 372 346 448 413; x_wconf 87' lang='lat' dir='ltr'>agat.</span> <span class='ocrx_word' id='word_1_10' title='bbox 490 336 566 395; x_wconf 91' lang='lat' dir='ltr'>Illud</span> <span class='ocrx_word' id='word_1_11' title='bbox 587 335 706 411; x_wconf 89' lang='lat' dir='ltr'>quidem</span> <span class='ocrx_word' id='word_1_12' title='bbox 727 351 828 392; x_wconf 91' lang='lat' dir='ltr'>sumus</span> <span class='ocrx_word' id='word_1_13' title='bbox 849 332 955 412; x_wconf 85' lang='lat' dir='ltr'>adepti,</span> <span class='ocrx_word' id='word_1_14' title='bbox 976 335 1060 410; x_wconf 90' lang='lat' dir='ltr'>quod</span> 
     </span>
     <span class='ocr_line' id='line_1_3' title="bbox 114 431 1061 511; baseline -0.004 -17"><span class='ocrx_word' id='word_1_15' title='bbox 114 436 211 495; x_wconf 90' lang='lat' dir='ltr'>multis</span> <span class='ocrx_word' id='word_1_16' title='bbox 226 445 255 494; x_wconf 96' lang='lat' dir='ltr'>et</span> <span class='ocrx_word' id='word_1_17' title='bbox 268 435 382 511; x_wconf 87' lang='lat' dir='ltr'>magnis</span> <span class='ocrx_word' id='word_1_18' title='bbox 397 433 507 492; x_wconf 88' lang='lat' dir='ltr'>iudiciis</span> <span class='ocrx_word' id='word_1_19' title='bbox 518 451 675 510; x_wconf 89' lang='lat' dir='ltr'>possumus</span> <span class='ocrx_word' id='word_1_20' title='bbox 689 432 815 490; x_wconf 89' lang='lat' dir='ltr'>iudicare</span> <span class='ocrx_word' id='word_1_21' title='bbox 830 449 886 489; x_wconf 90' lang='lat' dir='ltr'>nos</span> <span class='ocrx_word' id='word_1_22' title='bbox 897 431 1016 490; x_wconf 82' lang='lat' dir='ltr'>Caesari</span> <span class='ocrx_word' id='word_1_23' title='bbox 1031 444 1061 490; x_wconf 91' lang='lat' dir='ltr'>et</span> 
     </span>
     <span class='ocr_line' id='line_1_4' title="bbox 115 531 1062 607; baseline -0.003 -14"><span class='ocrx_word' id='word_1_24' title='bbox 115 536 280 594; x_wconf 89' lang='lat' dir='ltr'>carissimos</span> <span class='ocrx_word' id='word_1_25' title='bbox 291 544 320 592; x_wconf 92' lang='lat' dir='ltr'>et</span> <span class='ocrx_word' id='word_1_26' title='bbox 330 535 554 593; x_wconf 89' lang='lat' dir='ltr'>iucundissimos</span> <span class='ocrx_word' id='word_1_27' title='bbox 565 551 637 592; x_wconf 90' lang='lat' dir='ltr'>esse.</span> <span class='ocrx_word' id='word_1_28' title='bbox 670 531 844 607; x_wconf 86' lang='lat' dir='ltr'>Dionysium</span> <span class='ocrx_word' id='word_1_29' title='bbox 854 531 939 589; x_wconf 89' lang='lat' dir='ltr'>velim</span> <span class='ocrx_word' id='word_1_30' title='bbox 951 533 1062 590; x_wconf 85' lang='lat' dir='ltr'>salvere</span> 
     </span>
     <span class='ocr_line' id='line_1_5' title="bbox 116 629 1061 709; baseline -0.007 -18"><span class='ocrx_word' id='word_1_31' title='bbox 116 634 216 692; x_wconf 89' lang='lat' dir='ltr'>iubeas</span> <span class='ocrx_word' id='word_1_32' title='bbox 237 643 267 691; x_wconf 92' lang='lat' dir='ltr'>et</span> <span class='ocrx_word' id='word_1_33' title='bbox 284 651 351 692; x_wconf 92' lang='lat' dir='ltr'>eum</span> <span class='ocrx_word' id='word_1_34' title='bbox 370 650 457 709; x_wconf 85' lang='lat' dir='ltr'>roges</span> <span class='ocrx_word' id='word_1_35' title='bbox 478 643 506 690; x_wconf 91' lang='lat' dir='ltr'>et</span> <span class='ocrx_word' id='word_1_36' title='bbox 522 631 646 701; x_wconf 90' lang='lat' dir='ltr'>hortere,</span> <span class='ocrx_word' id='word_1_37' title='bbox 661 640 693 688; x_wconf 93' lang='lat' dir='ltr'>ut</span> <span class='ocrx_word' id='word_1_38' title='bbox 710 647 799 705; x_wconf 88' lang='lat' dir='ltr'>quam</span> <span class='ocrx_word' id='word_1_39' title='bbox 815 629 942 704; x_wconf 91' lang='lat' dir='ltr'>primum</span> <span class='ocrx_word' id='word_1_40' title='bbox 955 629 1061 697; x_wconf 84' lang='lat' dir='ltr'>veniat,</span> 
     </span>
     <span class='ocr_line' id='line_1_6' title="bbox 116 725 1062 807; baseline -0.01 -17"><span class='ocrx_word' id='word_1_41' title='bbox 116 741 148 790; x_wconf 92' lang='lat' dir='ltr'>ut</span> <span class='ocrx_word' id='word_1_42' title='bbox 162 731 256 807; x_wconf 87' lang='lat' dir='ltr'>possit</span> <span class='ocrx_word' id='word_1_43' title='bbox 265 728 438 788; x_wconf 88' lang='lat' dir='ltr'>Ciceronem</span> <span class='ocrx_word' id='word_1_44' title='bbox 453 745 552 787; x_wconf 83' lang='lat' dir='ltr'>meum</span> <span class='ocrx_word' id='word_1_45' title='bbox 565 736 653 803; x_wconf 86' lang='lat' dir='ltr'>atque</span> <span class='ocrx_word' id='word_1_46' title='bbox 667 727 754 785; x_wconf 88' lang='lat' dir='ltr'>etiam</span> <span class='ocrx_word' id='word_1_47' title='bbox 768 744 815 784; x_wconf 91' lang='lat' dir='ltr'>me</span> <span class='ocrx_word' id='word_1_48' title='bbox 826 726 923 801; x_wconf 89' lang='lat' dir='ltr'>ipsum</span> <span class='ocrx_word' id='word_1_49' title='bbox 937 725 1062 783; x_wconf 88' lang='lat' dir='ltr'>erudire.</span> 
     </span>
    </p>
   </div>
   <div class='ocr_carea' id='block_1_3' title="bbox 330 907 846 983">
    <p class='ocr_par' dir='ltr' id='par_1_3' title="bbox 330 907 846 983">
     <span class='ocr_line' id='line_1_7' title="bbox 330 907 846 983; baseline -0.006 -14"><span class='ocrx_word' id='word_1_50' title='bbox 330 914 379 971; x_wconf 85' lang='lat'>29.</span> <span class='ocrx_word' id='word_1_51' title='bbox 419 909 477 967; x_wconf 84' lang='lat' dir='ltr'>AD</span> <span class='ocrx_word' id='word_1_52' title='bbox 497 907 748 967; x_wconf 76' lang='lat' dir='ltr'>rnrrrnmnas</span> <span class='ocrx_word' id='word_1_53' title='bbox 770 907 795 966; x_wconf 92' lang='lat'>1.</span> <span class='ocrx_word' id='word_1_54' title='bbox 818 927 846 983; x_wconf 82' lang='lat'>9.</span> 
     </span>
    </p>
   </div>
   <div class='ocr_carea' id='block_1_4' title="bbox 177 1023 1000 1191">
    <p class='ocr_par' dir='ltr' id='par_1_4' title="bbox 177 1023 1000 1191">
     <span class='ocr_line' id='line_1_8' title="bbox 177 1023 1000 1098; baseline -0.005 -11"><span class='ocrx_word' id='word_1_55' title='bbox 177 1023 244 1087; x_wconf 77' lang='lat' dir='ltr'>sen.</span> <span class='ocrx_word' id='word_1_56' title='bbox 267 1024 377 1086; x_wconf 76' lang='lat' dir='ltr'>Ronnrr</span> <span class='ocrx_word' id='word_1_57' title='bbox 396 1044 491 1084; x_wconf 76' lang='lat' dir='ltr'>Mensa</span> <span class='ocrx_word' id='word_1_58' title='bbox 511 1023 646 1084; x_wconf 82' lang='lat' dir='ltr'>Ocrosnr</span> <span class='ocrx_word' id='word_1_59' title='bbox 666 1043 802 1082; x_wconf 75' lang='lat' dir='ltr'>nmuurn</span> <span class='ocrx_word' id='word_1_60' title='bbox 822 1040 906 1085; x_wconf 68' lang='lat' dir='ltr'>auc.</span> <span class='ocrx_word' id='word_1_61' title='bbox 930 1036 1000 1098; x_wconf 74' lang='lat'><strong>700.</strong></span> 
     </span>
     <span class='ocr_line' id='line_1_9' title="bbox 323 1147 858 1191; baseline -0.006 -2"><span class='ocrx_word' id='word_1_62' title='bbox 323 1148 355 1189; x_wconf 82' lang='lat' dir='ltr'>rr.</span> <span class='ocrx_word' id='word_1_63' title='bbox 376 1148 478 1191; x_wconf 81' lang='lat' dir='ltr'>crcnno</span> <span class='ocrx_word' id='word_1_64' title='bbox 499 1148 521 1190; x_wconf 84' lang='lat' dir='ltr'>S.</span> <span class='ocrx_word' id='word_1_65' title='bbox 542 1148 572 1188; x_wconf 87' lang='lat' dir='ltr'>n.</span> <span class='ocrx_word' id='word_1_66' title='bbox 593 1148 618 1188; x_wconf 74' lang='grc' dir='ltr'>Ρ.</span> <span class='ocrx_word' id='word_1_67' title='bbox 639 1148 777 1189; x_wconf 74' lang='lat' dir='ltr'>usurum</span> <span class='ocrx_word' id='word_1_68' title='bbox 798 1147 858 1188; x_wconf 80' lang='lat' dir='ltr'>mr.</span> 
     </span>
    </p>
   </div>
   <div class='ocr_carea' id='block_1_5' title="bbox 53 1241 1065 3479">
    <p class='ocr_par' dir='ltr' id='par_1_5' title="bbox 53 1241 1065 3479">
     <span class='ocr_line' id='line_1_10' title="bbox 163 1241 1063 1318; baseline -0.002 -16"><span class='ocrx_word' id='word_1_69' title='bbox 163 1260 189 1302; x_wconf 90' lang='lat' dir='ltr'>r.</span> <span class='ocrx_word' id='word_1_70' title='bbox 208 1241 420 1304; x_wconf 82' lang='lat' dir='ltr'>Pnnrucunmn</span> <span class='ocrx_word' id='word_1_71' title='bbox 439 1244 510 1302; x_wconf 86' lang='lat' dir='ltr'>mihi</span> <span class='ocrx_word' id='word_1_72' title='bbox 531 1243 646 1303; x_wconf 86' lang='lat' dir='ltr'>fuerunt</span> <span class='ocrx_word' id='word_1_73' title='bbox 666 1243 776 1302; x_wconf 85' lang='lat' dir='ltr'>litterae</span> <span class='ocrx_word' id='word_1_74' title='bbox 797 1252 871 1315; x_wconf 89' lang='lat' dir='ltr'>tuae,</span> <span class='ocrx_word' id='word_1_75' title='bbox 891 1243 997 1318; x_wconf 90' lang='lat' dir='ltr'>quibus</span> <span class='ocrx_word' id='word_1_76' title='bbox 1018 1243 1063 1300; x_wconf 91' lang='lat' dir='ltr'>in-</span> 
     </span>
     <span class='ocr_line' id='line_1_11' title="bbox 118 1342 1063 1420; baseline -0.003 -19"><span class='ocrx_word' id='word_1_77' title='bbox 118 1343 214 1401; x_wconf 81' lang='lat' dir='ltr'>tellexi</span> <span class='ocrx_word' id='word_1_78' title='bbox 238 1353 266 1401; x_wconf 91' lang='lat' dir='ltr'>te</span> <span class='ocrx_word' id='word_1_79' title='bbox 290 1344 453 1420; x_wconf 90' lang='lat' dir='ltr'>perspicere</span> <span class='ocrx_word' id='word_1_80' title='bbox 475 1362 572 1402; x_wconf 87' lang='lat' dir='ltr'>meam</span> <span class='ocrx_word' id='word_1_81' title='bbox 596 1344 627 1400; x_wconf 90' lang='lat' dir='ltr'>in</span> <span class='ocrx_word' id='word_1_82' title='bbox 651 1353 679 1400; x_wconf 91' lang='lat' dir='ltr'>te</span> <span class='ocrx_word' id='word_1_83' title='bbox 704 1343 860 1419; x_wconf 89' lang='lat' dir='ltr'>pietatem:</span> <span class='ocrx_word' id='word_1_84' title='bbox 890 1342 959 1416; x_wconf 91' lang='lat' dir='ltr'>quid</span> <span class='ocrx_word' id='word_1_85' title='bbox 983 1343 1063 1399; x_wconf 91' lang='lat' dir='ltr'>enim</span> 
     </span>
     <span class='ocr_line' id='line_1_12' title="bbox 120 1439 1063 1515; baseline -0.003 -17"><span class='ocrx_word' id='word_1_86' title='bbox 120 1441 216 1498; x_wconf 84' lang='lat' dir='ltr'>dicam</span> <span class='ocrx_word' id='word_1_87' title='bbox 240 1441 480 1511; x_wconf 89' lang='lat' dir='ltr'>benevolentiam,</span> <span class='ocrx_word' id='word_1_88' title='bbox 504 1459 571 1499; x_wconf 91' lang='lat' dir='ltr'>cum</span> <span class='ocrx_word' id='word_1_89' title='bbox 595 1441 665 1498; x_wconf 92' lang='lat' dir='ltr'>illud</span> <span class='ocrx_word' id='word_1_90' title='bbox 687 1440 784 1515; x_wconf 92' lang='lat' dir='ltr'>ipsum</span> <span class='ocrx_word' id='word_1_91' title='bbox 806 1439 1010 1515; x_wconf 88' lang='lat' dir='ltr'>gravissimum</span> <span class='ocrx_word' id='word_1_92' title='bbox 1034 1449 1063 1496; x_wconf 93' lang='lat' dir='ltr'>et</span> 
     </span>
     <span class='ocr_line' id='line_1_13' title="bbox 120 1537 1064 1614; baseline -0.001 -19"><span class='ocrx_word' id='word_1_93' title='bbox 120 1537 336 1596; x_wconf 89' lang='lat' dir='ltr'>sanctissimum</span> <span class='ocrx_word' id='word_1_94' title='bbox 362 1555 472 1596; x_wconf 92' lang='lat' dir='ltr'>nomen</span> <span class='ocrx_word' id='word_1_95' title='bbox 500 1538 615 1614; x_wconf 88' lang='lat' dir='ltr'>pietatis</span> <span class='ocrx_word' id='word_1_96' title='bbox 641 1537 732 1596; x_wconf 90' lang='lat' dir='ltr'>levius</span> <span class='ocrx_word' id='word_1_97' title='bbox 758 1537 830 1594; x_wconf 91' lang='lat' dir='ltr'>mihi</span> <span class='ocrx_word' id='word_1_98' title='bbox 856 1537 964 1595; x_wconf 89' lang='lat' dir='ltr'>meritis</span> <span class='ocrx_word' id='word_1_99' title='bbox 993 1555 1064 1612; x_wconf 86' lang='lat' dir='ltr'>erga</span> 
     </span>
     <span class='ocr_line' id='line_1_14' title="bbox 120 1634 1064 1709; baseline -0.001 -18"><span class='ocrx_word' id='word_1_100' title='bbox 120 1653 168 1692; x_wconf 90' lang='lat' dir='ltr'>me</span> <span class='ocrx_word' id='word_1_101' title='bbox 196 1635 252 1693; x_wconf 91' lang='lat' dir='ltr'>tuis</span> <span class='ocrx_word' id='word_1_102' title='bbox 284 1653 348 1694; x_wconf 89' lang='lat' dir='ltr'>esse</span> <span class='ocrx_word' id='word_1_103' title='bbox 375 1635 524 1694; x_wconf 81' lang='lat' dir='ltr'>videatur?</span> <span class='ocrx_word' id='word_1_104' title='bbox 565 1634 656 1706; x_wconf 91' lang='lat' dir='ltr'>Quod</span> <span class='ocrx_word' id='word_1_105' title='bbox 684 1643 781 1693; x_wconf 86' lang='lat' dir='ltr'>autem</span> <span class='ocrx_word' id='word_1_106' title='bbox 808 1634 860 1693; x_wconf 92' lang='lat' dir='ltr'>tibi</span> <span class='ocrx_word' id='word_1_107' title='bbox 886 1647 969 1709; x_wconf 85' lang='lat' dir='ltr'>grata</span> <span class='ocrx_word' id='word_1_108' title='bbox 996 1652 1064 1691; x_wconf 88' lang='lat' dir='ltr'>mea</span> 
     </span>
     <span class='ocr_line' id='line_1_15' title="bbox 53 1732 1064 1810; baseline -0.003 -18"><span class='ocrx_word' id='word_1_109' title='bbox 53 1768 56 1773; x_wconf 88' lang='lat'><strong>·</strong></span> <span class='ocrx_word' id='word_1_110' title='bbox 121 1752 191 1810; x_wconf 85' lang='lat' dir='ltr'>erga</span> <span class='ocrx_word' id='word_1_111' title='bbox 211 1743 240 1791; x_wconf 93' lang='lat' dir='ltr'>te</span> <span class='ocrx_word' id='word_1_112' title='bbox 265 1733 357 1792; x_wconf 88' lang='lat' dir='ltr'>studia</span> <span class='ocrx_word' id='word_1_113' title='bbox 380 1733 480 1791; x_wconf 91' lang='lat' dir='ltr'>scribis</span> <span class='ocrx_word' id='word_1_114' title='bbox 503 1751 575 1804; x_wconf 90' lang='lat' dir='ltr'>esse,</span> <span class='ocrx_word' id='word_1_115' title='bbox 595 1733 666 1792; x_wconf 86' lang='lat' dir='ltr'>facis</span> <span class='ocrx_word' id='word_1_116' title='bbox 690 1743 721 1790; x_wconf 93' lang='lat' dir='ltr'>tu</span> <span class='ocrx_word' id='word_1_117' title='bbox 743 1733 861 1808; x_wconf 92' lang='lat' dir='ltr'>quidem</span> <span class='ocrx_word' id='word_1_118' title='bbox 885 1732 1064 1790; x_wconf 88' lang='lat' dir='ltr'>abundantia</span> 
     </span>
     <span class='ocr_line' id='line_1_16' title="bbox 121 1832 1063 1909; baseline -0.004 -18"><span class='ocrx_word' id='word_1_119' title='bbox 121 1833 249 1909; x_wconf 84' lang='lat' dir='ltr'>quadam</span> <span class='ocrx_word' id='word_1_120' title='bbox 271 1832 386 1902; x_wconf 76' lang='lat' dir='ltr'>amoris</span> <span class='ocrx_word' id='word_1_121' title='bbox 411 1841 443 1890; x_wconf 93' lang='lat' dir='ltr'>ut</span> <span class='ocrx_word' id='word_1_122' title='bbox 467 1832 554 1890; x_wconf 87' lang='lat' dir='ltr'>etiam</span> <span class='ocrx_word' id='word_1_123' title='bbox 578 1843 660 1908; x_wconf 85' lang='lat' dir='ltr'>grata</span> <span class='ocrx_word' id='word_1_124' title='bbox 687 1832 744 1890; x_wconf 89' lang='lat' dir='ltr'>sint</span> <span class='ocrx_word' id='word_1_125' title='bbox 768 1851 811 1902; x_wconf 90' lang='lat' dir='ltr'>ea,</span> <span class='ocrx_word' id='word_1_126' title='bbox 840 1850 915 1908; x_wconf 87' lang='lat' dir='ltr'>quae</span> <span class='ocrx_word' id='word_1_127' title='bbox 935 1842 1063 1906; x_wconf 88' lang='lat' dir='ltr'>praeter-</span> 
     </span>
     <span class='ocr_line' id='line_1_17' title="bbox 121 1928 1062 2005; baseline -0.005 -16"><span class='ocrx_word' id='word_1_128' title='bbox 121 1931 195 1989; x_wconf 89' lang='lat' dir='ltr'>mitti</span> <span class='ocrx_word' id='word_1_129' title='bbox 209 1931 271 1989; x_wconf 91' lang='lat' dir='ltr'>sine</span> <span class='ocrx_word' id='word_1_130' title='bbox 285 1929 395 1988; x_wconf 87' lang='lat' dir='ltr'>nefario</span> <span class='ocrx_word' id='word_1_131' title='bbox 413 1929 520 1988; x_wconf 90' lang='lat' dir='ltr'>scelere</span> <span class='ocrx_word' id='word_1_132' title='bbox 538 1948 600 1988; x_wconf 93' lang='lat' dir='ltr'>non</span> <span class='ocrx_word' id='word_1_133' title='bbox 619 1940 742 2005; x_wconf 89' lang='lat' dir='ltr'>possunt</span> <span class='ocrx_word' id='word_1_134' title='bbox 752 1946 760 2000; x_wconf 92' lang='lat'>;</span> <span class='ocrx_word' id='word_1_135' title='bbox 782 1929 833 1987; x_wconf 89' lang='lat' dir='ltr'>tibi</span> <span class='ocrx_word' id='word_1_136' title='bbox 852 1939 949 1986; x_wconf 90' lang='lat' dir='ltr'>autem</span> <span class='ocrx_word' id='word_1_137' title='bbox 970 1928 1062 1985; x_wconf 92' lang='lat' dir='ltr'>multo</span> 
     </span>
     <span class='ocr_line' id='line_1_18' title="bbox 121 2025 1063 2105; baseline -0.003 -18"><span class='ocrx_word' id='word_1_138' title='bbox 121 2031 217 2088; x_wconf 92' lang='lat' dir='ltr'>notior</span> <span class='ocrx_word' id='word_1_139' title='bbox 236 2039 323 2105; x_wconf 88' lang='lat' dir='ltr'>atque</span> <span class='ocrx_word' id='word_1_140' title='bbox 344 2028 476 2087; x_wconf 90' lang='lat' dir='ltr'>illustrior</span> <span class='ocrx_word' id='word_1_141' title='bbox 496 2046 579 2086; x_wconf 92' lang='lat' dir='ltr'>meus</span> <span class='ocrx_word' id='word_1_142' title='bbox 606 2028 636 2085; x_wconf 92' lang='lat' dir='ltr'>in</span> <span class='ocrx_word' id='word_1_143' title='bbox 663 2038 691 2086; x_wconf 86' lang='lat' dir='ltr'>te</span> <span class='ocrx_word' id='word_1_144' title='bbox 715 2028 830 2086; x_wconf 85' lang='lat' dir='ltr'>animus</span> <span class='ocrx_word' id='word_1_145' title='bbox 854 2036 937 2096; x_wconf 82' lang='lat' dir='ltr'>esset,</span> <span class='ocrx_word' id='word_1_146' title='bbox 960 2027 985 2084; x_wconf 93' lang='lat' dir='ltr'>si</span> <span class='ocrx_word' id='word_1_147' title='bbox 1005 2025 1063 2085; x_wconf 95' lang='lat' dir='ltr'>hoc</span> 
     </span>
     <span class='ocr_line' id='line_1_19' title="bbox 122 2123 1063 2203; baseline -0.004 -18"><span class='ocrx_word' id='word_1_148' title='bbox 122 2138 255 2203; x_wconf 90' lang='lat' dir='ltr'>tempore</span> <span class='ocrx_word' id='word_1_149' title='bbox 277 2126 367 2197; x_wconf 93' lang='lat' dir='ltr'>omni,</span> <span class='ocrx_word' id='word_1_150' title='bbox 390 2144 449 2201; x_wconf 91' lang='lat' dir='ltr'>quo</span> <span class='ocrx_word' id='word_1_151' title='bbox 473 2126 592 2184; x_wconf 90' lang='lat' dir='ltr'>diiuncti</span> <span class='ocrx_word' id='word_1_152' title='bbox 613 2125 728 2197; x_wconf 89' lang='lat' dir='ltr'>fuimus,</span> <span class='ocrx_word' id='word_1_153' title='bbox 753 2134 782 2183; x_wconf 89' lang='lat' dir='ltr'>et</span> <span class='ocrx_word' id='word_1_154' title='bbox 805 2143 865 2182; x_wconf 90' lang='lat' dir='ltr'>una</span> <span class='ocrx_word' id='word_1_155' title='bbox 892 2132 921 2182; x_wconf 94' lang='lat' dir='ltr'>et</span> <span class='ocrx_word' id='word_1_156' title='bbox 946 2123 1063 2182; x_wconf 86' lang='lat' dir='ltr'>Romae</span> 
     </span>
     <span class='ocr_line' id='line_1_20' title="bbox 122 2222 1063 2299; baseline -0.002 -17"><span class='ocrx_word' id='word_1_157' title='bbox 122 2226 283 2284; x_wconf 85' lang='lat' dir='ltr'>fuissemus.</span> <span class='ocrx_word' id='word_1_158' title='bbox 329 2243 354 2282; x_wconf 83' lang='lat'>2.</span> <span class='ocrx_word' id='word_1_159' title='bbox 377 2223 455 2282; x_wconf 91' lang='lat' dir='ltr'>Nam</span> <span class='ocrx_word' id='word_1_160' title='bbox 483 2224 512 2281; x_wconf 91' lang='lat' dir='ltr'>in</span> <span class='ocrx_word' id='word_1_161' title='bbox 533 2241 569 2282; x_wconf 94' lang='lat' dir='ltr'>eo</span> <span class='ocrx_word' id='word_1_162' title='bbox 591 2224 664 2299; x_wconf 92' lang='lat' dir='ltr'>ipso,</span> <span class='ocrx_word' id='word_1_163' title='bbox 687 2223 767 2299; x_wconf 93' lang='lat' dir='ltr'>quod</span> <span class='ocrx_word' id='word_1_164' title='bbox 793 2233 821 2281; x_wconf 92' lang='lat' dir='ltr'>te</span> <span class='ocrx_word' id='word_1_165' title='bbox 846 2222 976 2280; x_wconf 91' lang='lat' dir='ltr'>ostendis</span> <span class='ocrx_word' id='word_1_166' title='bbox 998 2241 1063 2281; x_wconf 85' lang='lat' dir='ltr'>esse</span> 
     </span>
     <span class='ocr_line' id='line_1_21' title="bbox 123 2319 1064 2398; baseline -0.003 -17"><span class='ocrx_word' id='word_1_167' title='bbox 123 2324 264 2381; x_wconf 83' lang='lat' dir='ltr'>facturum</span> <span class='ocrx_word' id='word_1_168' title='bbox 285 2321 423 2398; x_wconf 91' lang='lat' dir='ltr'>quodque</span> <span class='ocrx_word' id='word_1_169' title='bbox 444 2331 473 2380; x_wconf 90' lang='lat' dir='ltr'>et</span> <span class='ocrx_word' id='word_1_170' title='bbox 493 2323 523 2378; x_wconf 93' lang='lat' dir='ltr'>in</span> <span class='ocrx_word' id='word_1_171' title='bbox 543 2321 643 2396; x_wconf 92' lang='lat' dir='ltr'>primis</span> <span class='ocrx_word' id='word_1_172' title='bbox 664 2333 748 2397; x_wconf 92' lang='lat' dir='ltr'>potes</span> <span class='ocrx_word' id='word_1_173' title='bbox 769 2329 797 2378; x_wconf 94' lang='lat' dir='ltr'>et</span> <span class='ocrx_word' id='word_1_174' title='bbox 817 2337 874 2395; x_wconf 85' lang='lat' dir='ltr'>ego</span> <span class='ocrx_word' id='word_1_175' title='bbox 891 2338 909 2377; x_wconf 89' lang='lat' dir='ltr'>a</span> <span class='ocrx_word' id='word_1_176' title='bbox 927 2329 955 2377; x_wconf 89' lang='lat' dir='ltr'>te</span> <span class='ocrx_word' id='word_1_177' title='bbox 977 2319 1064 2378; x_wconf 89' lang='lat' dir='ltr'>vehe-</span> 
     </span>
     <span class='ocr_line' id='line_1_22' title="bbox 120 2417 1064 2495; baseline -0.004 -17"><span class='ocrx_word' id='word_1_178' title='bbox 120 2431 235 2479; x_wconf 90' lang='lat' dir='ltr'>menter</span> <span class='ocrx_word' id='word_1_179' title='bbox 263 2429 408 2495; x_wconf 85' lang='lat' dir='ltr'>exspecto‚</span> <span class='ocrx_word' id='word_1_180' title='bbox 436 2420 467 2476; x_wconf 92' lang='lat' dir='ltr'>in</span> <span class='ocrx_word' id='word_1_181' title='bbox 496 2419 644 2477; x_wconf 89' lang='lat' dir='ltr'>sententiis</span> <span class='ocrx_word' id='word_1_182' title='bbox 677 2418 827 2477; x_wconf 91' lang='lat' dir='ltr'>senatoriis</span> <span class='ocrx_word' id='word_1_183' title='bbox 862 2427 890 2475; x_wconf 93' lang='lat' dir='ltr'>et</span> <span class='ocrx_word' id='word_1_184' title='bbox 924 2417 954 2474; x_wconf 90' lang='lat' dir='ltr'>in</span> <span class='ocrx_word' id='word_1_185' title='bbox 982 2419 1064 2475; x_wconf 91' lang='lat' dir='ltr'>omni</span> 
     </span>
     <span class='ocr_line' id='line_1_23' title="bbox 121 2514 1063 2592; baseline -0.003 -16"><span class='ocrx_word' id='word_1_186' title='bbox 121 2519 235 2576; x_wconf 90' lang='lat' dir='ltr'>actione</span> <span class='ocrx_word' id='word_1_187' title='bbox 256 2527 343 2591; x_wconf 88' lang='lat' dir='ltr'>atque</span> <span class='ocrx_word' id='word_1_188' title='bbox 363 2516 609 2574; x_wconf 86' lang='lat' dir='ltr'>administratione</span> <span class='ocrx_word' id='word_1_189' title='bbox 630 2516 670 2573; x_wconf 90' lang='lat' dir='ltr'>rei</span> <span class='ocrx_word' id='word_1_190' title='bbox 691 2516 823 2592; x_wconf 85' lang='lat' dir='ltr'>publicae</span> <span class='ocrx_word' id='word_1_191' title='bbox 844 2514 1063 2573; x_wconf 90' lang='lat' dir='ltr'>floruissemus:</span> 
     </span>
     <span class='ocr_line' id='line_1_24' title="bbox 120 2612 1064 2690; baseline -0.002 -18"><span class='ocrx_word' id='word_1_192' title='bbox 120 2615 157 2672; x_wconf 88' lang='lat' dir='ltr'>de</span> <span class='ocrx_word' id='word_1_193' title='bbox 172 2633 229 2690; x_wconf 88' lang='lat' dir='ltr'>qua</span> <span class='ocrx_word' id='word_1_194' title='bbox 243 2614 396 2671; x_wconf 87' lang='lat' dir='ltr'>ostendam</span> <span class='ocrx_word' id='word_1_195' title='bbox 410 2612 547 2689; x_wconf 91' lang='lat' dir='ltr'>equidem</span> <span class='ocrx_word' id='word_1_196' title='bbox 561 2613 648 2689; x_wconf 89' lang='lat' dir='ltr'>paulo</span> <span class='ocrx_word' id='word_1_197' title='bbox 663 2624 737 2690; x_wconf 89' lang='lat' dir='ltr'>post,</span> <span class='ocrx_word' id='word_1_198' title='bbox 750 2613 799 2689; x_wconf 93' lang='lat' dir='ltr'>qui</span> <span class='ocrx_word' id='word_1_199' title='bbox 813 2613 849 2671; x_wconf 91' lang='lat' dir='ltr'>sit</span> <span class='ocrx_word' id='word_1_200' title='bbox 862 2630 945 2670; x_wconf 90' lang='lat' dir='ltr'>meus</span> <span class='ocrx_word' id='word_1_201' title='bbox 960 2630 1064 2670; x_wconf 91' lang='lat' dir='ltr'>sensus</span> 
     </span>
     <span class='ocr_line' id='line_1_25' title="bbox 121 2710 1064 2788; baseline -0.003 -17"><span class='ocrx_word' id='word_1_202' title='bbox 121 2723 149 2772; x_wconf 91' lang='lat' dir='ltr'>et</span> <span class='ocrx_word' id='word_1_203' title='bbox 164 2721 263 2782; x_wconf 87' lang='lat' dir='ltr'>status,</span> <span class='ocrx_word' id='word_1_204' title='bbox 278 2722 306 2769; x_wconf 92' lang='lat' dir='ltr'>et</span> <span class='ocrx_word' id='word_1_205' title='bbox 320 2711 476 2769; x_wconf 88' lang='lat' dir='ltr'>rescribam</span> <span class='ocrx_word' id='word_1_206' title='bbox 491 2711 541 2769; x_wconf 91' lang='lat' dir='ltr'>tibi</span> <span class='ocrx_word' id='word_1_207' title='bbox 560 2711 598 2768; x_wconf 87' lang='lat' dir='ltr'>ad</span> <span class='ocrx_word' id='word_1_208' title='bbox 616 2730 660 2783; x_wconf 86' lang='lat' dir='ltr'>ea,</span> <span class='ocrx_word' id='word_1_209' title='bbox 674 2729 749 2788; x_wconf 88' lang='lat' dir='ltr'>quae</span> <span class='ocrx_word' id='word_1_210' title='bbox 764 2711 897 2787; x_wconf 89' lang='lat' dir='ltr'>quaeris;</span> <span class='ocrx_word' id='word_1_211' title='bbox 920 2710 972 2767; x_wconf 92' lang='lat' dir='ltr'>sed</span> <span class='ocrx_word' id='word_1_212' title='bbox 986 2723 1064 2768; x_wconf 90' lang='lat' dir='ltr'>certe</span> 
     </span>
     <span class='ocr_line' id='line_1_26' title="bbox 120 2808 1065 2884; baseline -0.004 -15"><span class='ocrx_word' id='word_1_213' title='bbox 120 2822 149 2869; x_wconf 91' lang='lat' dir='ltr'>et</span> <span class='ocrx_word' id='word_1_214' title='bbox 170 2828 227 2884; x_wconf 86' lang='lat' dir='ltr'>ego</span> <span class='ocrx_word' id='word_1_215' title='bbox 248 2819 275 2868; x_wconf 90' lang='lat' dir='ltr'>te</span> <span class='ocrx_word' id='word_1_216' title='bbox 297 2820 413 2867; x_wconf 92' lang='lat' dir='ltr'>auctore</span> <span class='ocrx_word' id='word_1_217' title='bbox 434 2809 609 2867; x_wconf 89' lang='lat' dir='ltr'>amicissimo</span> <span class='ocrx_word' id='word_1_218' title='bbox 629 2827 664 2868; x_wconf 87' lang='lat' dir='ltr'>ac</span> <span class='ocrx_word' id='word_1_219' title='bbox 685 2808 897 2884; x_wconf 89' lang='lat' dir='ltr'>sapientissimo</span> <span class='ocrx_word' id='word_1_220' title='bbox 916 2818 945 2864; x_wconf 93' lang='lat' dir='ltr'>et</span> <span class='ocrx_word' id='word_1_221' title='bbox 964 2817 996 2864; x_wconf 92' lang='lat' dir='ltr'>tu</span> <span class='ocrx_word' id='word_1_222' title='bbox 1016 2826 1065 2865; x_wconf 90' lang='lat' dir='ltr'>me</span> 
     </span>
     <span class='ocr_line' id='line_1_27' title="bbox 121 2904 1065 2982; baseline -0.005 -15"><span class='ocrx_word' id='word_1_223' title='bbox 121 2908 284 2967; x_wconf 88' lang='lat' dir='ltr'>consiliario</span> <span class='ocrx_word' id='word_1_224' title='bbox 308 2904 429 2964; x_wconf 83' lang='lat' dir='ltr'>sortasse</span> <span class='ocrx_word' id='word_1_225' title='bbox 450 2925 511 2964; x_wconf 91' lang='lat' dir='ltr'>non</span> <span class='ocrx_word' id='word_1_226' title='bbox 539 2907 762 2982; x_wconf 88' lang='lat' dir='ltr'>imperitissimo,</span> <span class='ocrx_word' id='word_1_227' title='bbox 788 2905 864 2963; x_wconf 89' lang='lat' dir='ltr'>fideli</span> <span class='ocrx_word' id='word_1_228' title='bbox 888 2905 1007 2980; x_wconf 92' lang='lat' dir='ltr'>quidem</span> <span class='ocrx_word' id='word_1_229' title='bbox 1036 2923 1065 2962; x_wconf 90' lang='lat' dir='ltr'>et</span> 
     </span>
     <span class='ocr_line' id='line_1_28' title="bbox 119 3003 1064 3079; baseline -0.003 -16"><span class='ocrx_word' id='word_1_230' title='bbox 119 3005 263 3064; x_wconf 91' lang='lat' dir='ltr'>benevolo</span> <span class='ocrx_word' id='word_1_231' title='bbox 291 3015 376 3074; x_wconf 86' lang='lat' dir='ltr'>certe,</span> <span class='ocrx_word' id='word_1_232' title='bbox 403 3022 473 3062; x_wconf 92' lang='lat' dir='ltr'>usus</span> <span class='ocrx_word' id='word_1_233' title='bbox 501 3021 841 3079; x_wconf 83' lang='lat' dir='ltr'>essesz—quamquam</span> <span class='ocrx_word' id='word_1_234' title='bbox 869 3012 917 3060; x_wconf 87' lang='lat' dir='ltr'>tua</span> <span class='ocrx_word' id='word_1_235' title='bbox 945 3003 1064 3078; x_wconf 91' lang='lat' dir='ltr'>quidem</span> 
     </span>
     <span class='ocr_line' id='line_1_29' title="bbox 121 3101 1063 3178; baseline -0.004 -14"><span class='ocrx_word' id='word_1_236' title='bbox 121 3123 209 3165; x_wconf 89' lang='lat' dir='ltr'>causa</span> <span class='ocrx_word' id='word_1_237' title='bbox 231 3115 260 3162; x_wconf 91' lang='lat' dir='ltr'>te</span> <span class='ocrx_word' id='word_1_238' title='bbox 282 3121 345 3161; x_wconf 91' lang='lat' dir='ltr'>esse</span> <span class='ocrx_word' id='word_1_239' title='bbox 373 3103 577 3177; x_wconf 86' lang='lat' dir='ltr'>imperatorem</span> <span class='ocrx_word' id='word_1_240' title='bbox 605 3103 841 3178; x_wconf 88' lang='lat' dir='ltr'>provinciamque</span> <span class='ocrx_word' id='word_1_241' title='bbox 869 3101 946 3159; x_wconf 88' lang='lat' dir='ltr'>bene</span> <span class='ocrx_word' id='word_1_242' title='bbox 973 3104 1063 3176; x_wconf 86' lang='lat' dir='ltr'>gestis</span> 
     </span>
     <span class='ocr_line' id='line_1_30' title="bbox 121 3198 1064 3269; baseline -0.006 -8"><span class='ocrx_word' id='word_1_243' title='bbox 121 3204 208 3262; x_wconf 89' lang='lat' dir='ltr'>rebus</span> <span class='ocrx_word' id='word_1_244' title='bbox 229 3220 295 3260; x_wconf 89' lang='lat' dir='ltr'>cum</span> <span class='ocrx_word' id='word_1_245' title='bbox 317 3201 444 3258; x_wconf 84' lang='lat' dir='ltr'>exercitu</span> <span class='ocrx_word' id='word_1_246' title='bbox 464 3201 572 3258; x_wconf 90' lang='lat' dir='ltr'>victore</span> <span class='ocrx_word' id='word_1_247' title='bbox 591 3201 731 3269; x_wconf 88' lang='lat' dir='ltr'>obtinere,</span> <span class='ocrx_word' id='word_1_248' title='bbox 746 3211 777 3256; x_wconf 91' lang='lat' dir='ltr'>ut</span> <span class='ocrx_word' id='word_1_249' title='bbox 797 3198 899 3266; x_wconf 85' lang='lat' dir='ltr'>debeo,</span> <span class='ocrx_word' id='word_1_250' title='bbox 914 3198 1005 3255; x_wconf 90' lang='lat' dir='ltr'>laetor</span> <span class='ocrx_word' id='word_1_251' title='bbox 1013 3217 1064 3255; x_wconf 83' lang='lat'>:—</span> 
     </span>
     <span class='ocr_line' id='line_1_31' title="bbox 121 3295 1062 3373; baseline -0.006 -14"><span class='ocrx_word' id='word_1_252' title='bbox 121 3301 174 3360; x_wconf 93' lang='lat' dir='ltr'>sed</span> <span class='ocrx_word' id='word_1_253' title='bbox 188 3310 264 3357; x_wconf 88' lang='lat' dir='ltr'>certe</span> <span class='ocrx_word' id='word_1_254' title='bbox 276 3299 325 3373; x_wconf 90' lang='lat' dir='ltr'>qui</span> <span class='ocrx_word' id='word_1_255' title='bbox 340 3296 389 3354; x_wconf 88' lang='lat' dir='ltr'>tibi</span> <span class='ocrx_word' id='word_1_256' title='bbox 404 3313 440 3353; x_wconf 88' lang='lat' dir='ltr'>ex</span> <span class='ocrx_word' id='word_1_257' title='bbox 455 3313 502 3354; x_wconf 92' lang='lat' dir='ltr'>me</span> <span class='ocrx_word' id='word_1_258' title='bbox 520 3295 628 3354; x_wconf 85' lang='lat' dir='ltr'>fructus</span> <span class='ocrx_word' id='word_1_259' title='bbox 642 3296 790 3365; x_wconf 89' lang='lat' dir='ltr'>debentur,</span> <span class='ocrx_word' id='word_1_260' title='bbox 806 3312 857 3352; x_wconf 94' lang='lat' dir='ltr'>eos</span> <span class='ocrx_word' id='word_1_261' title='bbox 871 3295 1018 3351; x_wconf 88' lang='lat' dir='ltr'>uberiores</span> <span class='ocrx_word' id='word_1_262' title='bbox 1033 3306 1062 3353; x_wconf 92' lang='lat' dir='ltr'>et</span> 
     </span>
     <span class='ocr_line' id='line_1_32' title="bbox 120 3392 1060 3479; baseline -0.006 -20"><span class='ocrx_word' id='word_1_263' title='bbox 120 3399 330 3479; x_wconf 89' lang='lat' dir='ltr'>praesentiores</span> <span class='ocrx_word' id='word_1_264' title='bbox 358 3413 495 3473; x_wconf 89' lang='lat' dir='ltr'>praesens</span> <span class='ocrx_word' id='word_1_265' title='bbox 523 3413 626 3470; x_wconf 89' lang='lat' dir='ltr'>capere</span> <span class='ocrx_word' id='word_1_266' title='bbox 654 3395 807 3469; x_wconf 88' lang='lat' dir='ltr'>potuisses.</span> <span class='ocrx_word' id='word_1_267' title='bbox 860 3392 896 3451; x_wconf 92' lang='lat' dir='ltr'>In</span> <span class='ocrx_word' id='word_1_268' title='bbox 924 3393 964 3451; x_wconf 91' lang='lat' dir='ltr'>eis</span> <span class='ocrx_word' id='word_1_269' title='bbox 992 3411 1060 3453; x_wconf 90' lang='lat' dir='ltr'>vero</span> 
     </span>
    </p>
   </div>
   <div class='ocr_carea' id='block_1_6' title="bbox 0 0 1187 3810">
    <p class='ocr_par' dir='ltr' id='par_1_6' title="bbox 0 0 1187 3810">
     <span class='ocr_line' id='line_1_33' title="bbox 0 0 1187 3810; baseline 0 0"><span class='ocrx_word' id='word_1_270' title='bbox 0 0 1187 3810; x_wconf 95' lang='lat' dir='ltr'> </span> 
     </span>
    </p>
   </div>
  </div>
 </body>
</html>
