2348 3788
111 175 181 244 ¹232
396 173 434 225 M.
459 172 576 221 ronan
598 174 788 221 emenonis
949 160 1016 243 [rats
1031 176 1060 221 v.

118 328 317 398 commissum,
340 330 420 404 quod
444 340 519 387 esset
542 329 667 387 alienum
691 339 791 387 nostra
814 329 948 399 amicitia,
971 330 1064 388 credi·

120 425 213 483 disse:
235 445 304 483 nam
319 436 432 502 praeter
446 426 526 498 haec,
536 446 610 503 quae
625 429 856 496 commemoravi,
869 445 944 502 quae
959 437 1062 486 testata

118 533 185 580 sunt
207 533 235 580 et
258 524 382 594 illustria,
397 524 492 582 habeo
514 527 605 583 multa
629 525 794 596 occultiora,
810 544 884 601 quae
898 527 946 582 vix
967 527 1060 584 verbis

118 622 238 696 exsequi
252 639 382 697 possum.
427 610 535 680 Omnia
555 641 603 681 me
625 633 674 680 tua
695 623 845 693 delectant,
860 622 912 680 sed
933 624 1061 681 maxime

120 714 274 799 [maxima]
292 737 360 777 cum
378 719 450 778 fides
469 721 499 777 in
518 721 651 790 amicitia,
666 720 827 791 consilium,
842 721 974 796 gravitas,
990 739 1060 779 con-

118 817 232 886 stantia,
247 826 308 874 tum
323 816 413 892 lepos
429 816 600 888 humanitas,
612 817 729 876 litterae.
771 817 958 893 Quapropter
971 819 1059 877 redeo

117 931 196 971 nunc
218 915 256 973 ad
272 915 428 990 querelam⁴
472 929 497 989 7.
520 915 587 989 Ego
608 924 636 973 te
658 914 826 990 suffragium
845 915 943 973 tulisse
964 917 996 973 in
1014 917 1060 974 illa

116 1010 180 1086 lege
202 1012 328 1085 primum
354 1030 415 1070 non
436 1012 562 1084 credidi;
584 1009 697 1080 deinde,
717 1011 741 1069 si
762 1012 959 1083 credidissem,
976 1032 1059 1071 num·

117 1127 206 1184 quam
227 1109 256 1166 id
277 1109 339 1166 sine
361 1109 456 1186 aliqua
477 1110 552 1167 iusta
574 1126 661 1166 causa
682 1108 875 1167 existimarem
896 1119 925 1166 te
948 1109 1058 1169 fecisse.

116 1204 251 1282 Dignitas
279 1217 329 1264 tua
356 1206 432 1277 facit,
456 1216 488 1264 ut
507 1205 763 1278 animadvertatur,
787 1207 925 1282 quicquid
953 1207 1057 1279 facias3

117 1304 317 1362 malevolentia
337 1314 435 1363 autem
448 1303 608 1374 hominum,
623 1312 655 1361 ut
673 1320 735 1361 non
753 1303 831 1360 nulla
848 1303 954 1376 durius,
970 1323 1057 1380 quam

119 1420 136 1459 a
160 1413 188 1460 te
212 1402 287 1460 lacta
311 1402 376 1472 sint,
400 1401 595 1476 proferantur:
627 1420 662 1458 ea
684 1412 715 1458 tu
740 1401 764 1459 si
788 1419 849 1458 non
869 1401 965 1472 'audis
988 1403 1057 1478 quid

118 1499 214 1557 dicam
236 1500 352 1570 nescio;
375 1498 517 1573 equidem,
538 1499 562 1556 si
584 1499 701 1574 quando
722 1498 818 1569 audio,
839 1509 899 1556 tarn
920 1499 1055 1569 defendo,

117 1614 205 1670 quam
224 1614 272 1654 me
293 1597 354 1653 scio
374 1614 391 1652 a
408 1605 437 1652 te
459 1605 560 1653 contra
579 1597 695 1672 iniquos
713 1614 796 1654 meos
817 1597 910 1655 solere
930 1597 1056 1656 defendi.

115 1693 256 1751 Defensio
270 1703 367 1751 autem
381 1701 424 1750 est
438 1693 561 1768 duplex:
583 1694 639 1751 alia
654 1703 728 1763 sunt,
740 1711 814 1768 quae
825 1694 935 1770 liquido
949 1713 1056 1770 negare

116 1790 234 1860 soleam,
249 1801 281 1848 ut
298 1790 335 1848 de
351 1790 407 1848 isto
426 1791 491 1865 ipso
512 1789 650 1865 suffragio
660 1811 667 1862 ;
689 1791 753 1860 alia,
768 1809 843 1865 quae
865 1791 1022 1850 defendam
1040 1810 1057 1850 a

115 1900 144 1947 te
159 1890 206 1965 pie
220 1889 281 1946 lieri
300 1898 329 1946 et
342 1888 477 1957 humane,
493 1897 524 1945 ut
538 1888 574 1945 de
594 1889 741 1945 curatione
761 1888 903 1946 ludorum.
947 1891 975 1946 8.
999 1889 1057 1948 Sed

115 2000 153 2060 te,
182 1988 332 2046 hominem
360 1987 568 2057 doctissimum,
599 2005 660 2044 non
694 1986 775 2061 fugit,
804 1987 828 2046 si
863 1986 973 2046 Caesar
1007 2009 1056 2048 rex

116 2085 323 2161 fuerit-quod
341 2084 412 2142 mihi
427 2085 545 2159 quidem
559 2084 719 2155 videtur—,
733 2085 764 2142 in
780 2095 931 2161 utramque
945 2097 1057 2161 partem

116 2186 153 2243 de
168 2195 219 2244 tuo
241 2183 337 2242 officio
357 2182 495 2257 disputari
509 2199 606 2257 posse,
620 2181 665 2239 vel
679 2182 708 2238 in
730 2200 803 2252 eam,
819 2200 876 2258 qua
897 2201 953 2258 ego
975 2185 1057 2242 soleo

96 2282 166 2351 -uti,
192 2281 369 2338 laudandam
397 2297 461 2338 esse
488 2279 576 2337 iidem
605 2289 634 2336 et
658 2279 867 2337 humanitatem
894 2289 983 2350 tuam,
1009 2283 1057 2356 qui

119 2380 248 2441 amicum
263 2380 349 2436 etiam
364 2388 510 2436 mortuum
525 2377 636 2454 diligas,
651 2377 695 2434 vel
709 2378 739 2434 in
754 2396 827 2447 eam,
842 2397 899 2453 qua
913 2396 974 2437 non
988 2381 1058 2438 nulli

116 2488 242 2547 utuntur,
257 2477 418 2535 libertatem
433 2476 542 2551 patriae
552 2476 625 2534 vitae
640 2476 726 2534 amici
740 2477 983 2552 anteponendam.
1013 2478 1057 2537 Ex

117 2575 162 2631 his
182 2574 365 2631 sermonibus
381 2573 492 2629 utinam
511 2581 607 2629 essent
626 2571 736 2630 delatae
755 2573 793 2631 ad
807 2583 834 2632 te
849 2573 1058 2648 disputationes

116 2671 217 2729 meael
261 2670 313 2728 illa
327 2688 396 2728 vero
410 2670 478 2740 duo,
493 2686 566 2744 quae
581 2669 709 2726 maxima
723 2680 790 2728 sunt
803 2671 922 2728 laudum
935 2681 1058 2742 tuarum,

118 2770 182 2844 quis
197 2778 246 2826 aut
259 2768 393 2826 libentius
409 2786 496 2844 quam
516 2785 572 2842 ego
590 2777 800 2826 commemorat
813 2779 862 2826 aut
876 2770 1010 2845 saepius?
1031 2782 1059 2829 te

118 2878 147 2924 et
157 2884 219 2924 non
233 2866 409 2941 suscipiendi
420 2865 487 2922 belli
498 2865 586 2922 civilis
597 2866 796 2939 gravissimum
810 2875 957 2925 auctorem
971 2867 1059 2926 fuisse

118 2974 147 3022 et
157 2963 354 3023 moderandae
365 2963 509 3032 victoriae,
520 2963 551 3019 in
562 2980 629 3037 quo,
641 2963 690 3038 qui
701 2962 771 3019 mihi
784 2981 845 3021 non
860 2964 1058 3036 adsentiretur,

72 3056 74 3060 Α
118 3064 214 3121 inveni
228 3057 382 3119 neminem.
413 3059 481 3131 Qua
491 3079 521 3117 re
532 3060 627 3118 habeo
638 3061 759 3135 gratiam
771 3061 918 3132 Trebatio,
930 3061 1060 3120 familiari

41 3234 47 3242 ·
119 3170 229 3230 nostro,
241 3159 290 3235 qui
300 3157 370 3215 mihi
382 3157 461 3215 dedit
473 3175 590 3215 causam
601 3157 702 3214 harum
713 3158 877 3230 litterarum,
889 3161 994 3236 quibus
1005 3162 1060 3219 nisi

119 3253 1058 3332 credideris,meomnisoffieiiethumanitatisexpertemiudicaris;

119 3372 178 3429 quo
190 3371 244 3412 nec
256 3353 326 3411 mihi
336 3353 450 3431 gravius
460 3352 613 3429 quicquam
626 3363 722 3429 potae*
736 3371 796 3409 esse
806 3372 860 3406 ree
872 3363 900 3410 re
911 3354 1039 3414 alienius.
1053 3396 1055 3401 .
