2348 3788
60 201 222 284 ap.90,91.]
257 213 369 262 error.
392 213 442 261 Ao
463 212 686 263 FAMILIARES
712 216 755 266 vr.
779 201 810 264 6.
942 219 1002 287 195

58 382 149 420 unum
175 362 314 421 solacium
343 363 372 419 in
399 362 492 421 malis.
536 363 592 422 Sed
616 374 724 436 tamen,
750 365 887 442 quoniam
914 365 1003 441 effugi

57 462 120 517 eius
142 459 343 527 offensionem,
362 461 411 535 qui
431 459 552 518 fortasse
573 463 754 520 arbitraretur
776 481 823 520 me
845 463 919 521 hanc
940 482 1003 521 rem

57 558 205 633 publicam
231 575 291 615 non
312 567 421 632 putare,
444 558 468 615 si
489 569 628 633 perpetuo
650 569 783 630 tacerem,
806 559 920 617 modice
945 559 1002 617 hoc

57 655 161 712 faciam
185 665 233 711 aut
258 655 345 712 etiam
369 655 442 712 intra
464 655 593 726 modurn,
615 665 647 714 ut
668 667 696 714 et
718 657 791 714 illius
813 657 952 714 voluntati
974 667 1003 714 et

57 755 131 811 meis
146 754 246 812 studiis
264 754 392 810 serviam.
436 752 515 810 Nam
530 755 582 811 etsi
598 755 722 829 aprima
736 765 829 813 aetate
843 773 890 812 me
906 756 1001 813 omnis

58 870 105 909 ars
118 863 146 909 et
164 851 296 909 doctrina
314 850 438 908 liberalis
453 864 481 908 et
497 852 623 909 maxime
642 851 826 928 philosophia
844 853 1001 924 delectavit,

57 962 156 1007 tamen
176 949 233 1006 hoc
253 948 380 1006 studium
399 948 527 1023 quotidie
546 949 724 1023 ingravescit,
745 950 834 1008 credo
854 953 1002 1010 etaetatis

57 1048 220 1105 maturitate
236 1047 273 1103 ad
287 1046 471 1122 prudentiam
487 1055 515 1103 et
533 1046 578 1103 his
599 1056 763 1122 temporum
777 1048 859 1114 vitiis
873 1058 905 1106 ut
923 1050 1002 1107 nulla

57 1165 104 1204 res
124 1147 178 1204 alia
199 1146 292 1202 levare
304 1144 441 1201 animum
461 1145 599 1202 molestiis
618 1145 728 1219 possit;
752 1160 778 1217 5.
800 1164 890 1221 aquo
906 1148 1001 1205 studio

57 1257 86 1302 te
110 1243 214 1301 abduci
236 1242 359 1316 negotiis
384 1241 521 1317 intellego
549 1261 586 1300 ex
615 1242 669 1300 tuis
698 1243 804 1313 litteris,
828 1244 879 1301 sed
904 1255 1001 1304 tamen

57 1341 165 1416 aliquid
186 1341 244 1397 iam
265 1349 366 1397 noctes
388 1349 415 1396 te
436 1340 620 1397 adiuvabunt.
664 1340 778 1398 Servius
799 1351 865 1399 tuus
882 1342 926 1400 vel
946 1361 1000 1418 po·
1067 1352 1074 1370 ·

57 1440 113 1496 tius
133 1448 231 1495 noster
251 1454 364 1494 summa
381 1455 428 1493 me
448 1437 630 1494 observantia
649 1439 731 1509 colit;
755 1439 835 1497 cuius
857 1458 914 1515 ego
933 1459 1001 1498 curn

57 1537 139 1593 omni
160 1536 303 1610 probitate
325 1552 496 1610 summaque
517 1536 626 1606 virtute,
648 1546 710 1594 tum
732 1538 840 1617 studiis·
857 1538 1000 1596 doctrina-

57 1652 115 1710 que
141 1633 275 1690 delector.
317 1630 347 1688 Is
372 1650 489 1690 mecum
517 1651 604 1708 saepe
619 1634 669 1692 de
694 1645 744 1693 tua
771 1637 923 1695 mansione
952 1648 1001 1694 aut

56 1732 227 1789 decessione
253 1729 465 1788 communicat:
499 1731 594 1789 adhuc
619 1732 649 1789 in
673 1732 728 1790 hac
756 1751 821 1791 sum
851 1736 999 1804 sententia,

56 1830 127 1886 nihil
146 1845 176 1884 ut
195 1828 334 1906 faciamus
354 1827 410 1884 nisi
434 1827 514 1903 quod
534 1830 660 1887 maxime
682 1828 790 1908 Caesar
810 1830 881 1888 velle
902 1832 1000 1889 videa-

57 1939 108 1983 tur.
153 1926 213 1983 Res
233 1920 300 1982 sunt
319 1925 380 1982 eius
398 1925 488 1994 modi,
502 1935 541 1995 ut,
559 1927 582 1982 si
602 1925 715 1984 Romae
735 1928 783 1997 sis,
801 1927 870 1985 nihil
889 1942 1000 2004 praeter

57 2038 123 2081 tuos
143 2024 284 2082 delectare
304 2023 404 2098 possit.
447 2023 493 2080 De
512 2023 637 2098 reliquis,
652 2025 722 2081 nihil
741 2025 843 2083 melius
863 2028 927 2101 ipso
946 2039 998 2097 est,
1039 2057 1043 2100 ,ι

57 2123 144 2179 ceteri
165 2132 194 2178 et
215 2132 310 2178 cetera
330 2122 391 2178 eius
413 2121 501 2207 modi,
520 2130 559 2190 ut,
580 2121 605 2179 si
625 2121 745 2180 alterum
766 2133 861 2180 utrum
879 2142 999 2183 necesse
1040 2120 1042 2124 ’

56 2223 101 2288 sit,
126 2220 224 2277 audire
249 2238 284 2277 ea
308 2219 390 2277 malis
415 2237 503 2294 quarn
528 2219 632 2277 videre.
674 2219 743 2278 Hoc
768 2232 898 2279 nostrum
927 2241 998 2280 con-

56 2319 150 2375 silium
176 2319 261 2374 nobis
284 2319 402 2374 minime
426 2316 584 2374 iucundum
606 2326 657 2388 est,
679 2319 728 2394 qui
753 2328 780 2376 te
801 2319 897 2378 videre
918 2321 1000 2397 cupi·

55 2434 129 2488 mus,
145 2416 197 2474 sed
212 2415 390 2472 consulimus
405 2415 463 2472 tibi.
506 2414 588 2474 Vale.

255 2573 302 2628 91.
345 2569 403 2626 AD
424 2569 674 2630 FAMILIARES
695 2569 747 2629 Vl.
770 2572 799 2631 6.

334 2683 398 2742 Son.
421 2683 529 2742 Roman
550 2703 631 2744 nuc.
656 2688 722 2758 708.

304 2808 334 2849 u.
356 2808 459 2849 menno
480 2807 575 2847 sua.
590 2809 739 2850 cancrum.

99 2926 124 2965 1.
146 2906 271 2966 Vuuson
292 2923 329 2963 ne
351 2904 496 2962 desideres
510 2903 637 2961 officium
657 2923 764 2977 meum,
779 2907 859 2982 quod
873 2907 923 2966 tibi
941 2926 995 2984 pro

55 3015 154 3062 nostra
168 3015 196 3061 et
215 3003 382 3061 meritorum
401 3003 556 3060 multorum
572 3012 600 3060 et
619 3003 777 3061 studiorum
798 3007 910 3080 parium
925 3024 995 3064 cou-

54 3103 202 3159 iunctione
227 3101 328 3158 deesse
352 3118 412 3157 non
434 3099 527 3170 debet,
550 3100 602 3158 sed
624 3112 722 3159 tamen
743 3121 842 3160 vereor
864 3122 901 3160 ne
924 3103 995 3161 litte-

55 3217 151 3257 rarum
174 3218 192 3256 a
213 3218 261 3256 me
281 3199 408 3256 officium
429 3199 564 3274 requiras,
585 3217 656 3274 quas
679 3200 730 3257 tibi
752 3210 781 3258 et
803 3202 860 3258 iam
883 3202 995 3276 pridem

55 3309 84 3355 et
102 3316 188 3371 saepe
211 3297 363 3365 misissem,
385 3297 439 3352 nisi
462 3297 590 3371 quotidie
615 3297 716 3355 melius
739 3309 910 3373 exspectans
931 3318 994 3375 gra-

55 3395 225 3451 tulationem
254 3412 343 3469 quam
371 3392 621 3452 confirmationem
649 3395 737 3452 animi
770 3395 810 3452 tui
841 3396 994 3474 complecti

481 3496 532 3537 02
865 3500 869 3505 ⁴
