2356 3810
55 235 102 294 sp.
118 217 172 302 Jo]
284 230 396 279 urrsr.
418 231 467 278 An
488 231 654 280 Arrroorr
672 233 720 280 rr.
742 237 775 298 4.
939 233 998 304 177

291 459 336 514 78.
380 456 436 514 ΑΙ)
457 456 650 515 ATTlCUllI
671 453 731 516 XL
747 476 775 529 4.
956 528 957 531 Ἴ

100 571 165 630 Scn.
182 589 213 630 ut
233 587 347 630 cnsrnrs
367 571 490 630 Ponrurr
511 591 604 630 usust
626 572 767 644 Quntrru
789 589 872 634 suc.
890 573 957 650 706.

373 695 474 737 CICERO
496 697 601 738 ATTICO
622 698 682 738 SAL.

24 836 28 845 .
105 812 128 850 r.
150 792 258 852 Accurr
272 792 309 848 ab
324 789 438 849 Isidoro
452 792 559 851 litteras
573 803 602 850 et
617 803 719 868 postea
738 793 820 852 datas
839 795 940 852 binas':
963 812 999 853 ex

60 891 200 967 proximis
221 891 345 964 cognovi
366 890 483 964 praedia
504 908 564 947 non
584 891 696 949 venisse
707 909 716 963 ;
738 893 847 950 videbis
868 910 947 967 erg0‚
968 903 1000 954 ut

61 999 234 1047 sustentetur
248 1004 300 1063 per
320 997 355 1045 te.
396 987 442 1045 De
461 987 612 1058 Frusinati,
628 989 652 1046 si
673 990 766 1048 modo
783 989 869 1047 futuri
891 1009 999 1062 sumus,

60 1089 112 1145 erit
136 1086 207 1142 mihi
231 1104 276 1143 res
304 1096 475 1160 opportuna.
518 1085 602 1144 Meas
630 1087 736 1145 litteras
764 1088 844 1162 quod
871 1089 999 1163 requiris,

61 1185 204 1260 impedior
223 1183 321 1259 inopia
340 1202 443 1253 return,
459 1200 531 1259 quas
552 1184 643 1241 nullas
663 1183 756 1242 habeo
776 1185 873 1263 litteris
889 1186 999 1260 dignas

61 1285 169 1359 quippe
184 1282 230 1339 cui
245 1299 299 1338 nec
310 1300 384 1357 quae
399 1281 532 1339 accidunt
546 1300 601 1339 nec
612 1300 686 1357 quae
700 1293 823 1358 aguntur
836 1283 895 1340 ullo
910 1284 1000 1342 modo

61 1383 227 1460 probentur.
269 1377 386 1436 Utinam
406 1397 504 1437 coram
523 1388 619 1436 tecum
639 1380 709 1437 olim
728 1381 927 1456 potiusquam
947 1399 1000 1457 per

62 1476 215 1553 epistolas!
236 1474 294 1534 Hie
312 1485 368 1547 tua,
388 1485 419 1532 ut
436 1492 563 1550 possum,
586 1484 669 1533 tueor
689 1478 767 1552 apud
788 1476 851 1535 hos.
896 1477 1001 1537 Cetera
1055 1506 1059 1511 ·

64 1576 155 1633 Celer.
198 1574 265 1649 Ipse
280 1574 339 1647 lugi
355 1573 448 1631 adhuc
464 1588 550 1630 ornne
565 1591 679 1643 munus,
696 1593 732 1632 eo
746 1577 847 1650 magis,
863 1577 943 1652 quod
962 1577 1001 1635 ito

63 1674 134 1731 nihil
148 1681 260 1748 poterat
275 1673 329 1746 agi,
344 1680 375 1728 ut
388 1671 459 1728 milri
473 1680 502 1729 et
515 1672 587 1729 nleis
601 1674 686 1731 rebus
700 1665 800 1749 aptum
815 1683 899 1734 esset.

107 1790 132 1829 2.
158 1770 237 1841 Quid
261 1771 297 1827 sit
324 1780 438 1843 gestum
466 1770 542 1838 noui,
567 1770 699 1844 quaeris:
725 1786 761 1828 ex
786 1771 900 1831 isidoro
928 1773 1002 1832 scire

64 1870 188 1946 poteris;
217 1868 326 1943 reliqua
353 1880 414 1924 non
441 1866 572 1923 videntur
600 1884 664 1925 esse
693 1868 859 1927 difficiliora.
901 1870 949 1928 Tu
971 1872 1001 1930 id

63 1969 156 2037 velint,
178 1966 257 2042 quod
278 1966 334 2023 scis
355 1982 403 2021 me
424 1965 549 2021 maxime
571 1964 650 2035 velle,
672 1980 763 2036 cures
785 1977 817 2022 ut
841 1967 948 2038 scribis,
970 1980 1002 2027 ut

62 2065 141 2122 facis.
191 2062 242 2119 Me
274 2059 389 2118 coniicit
422 2061 592 2131 sollicitudo
621 2080 657 2119 etr
688 2074 746 2137 qua
773 2063 859 2121 etiam
888 2082 1002 2125 summa

63 2161 213 2219 infirmitas
240 2159 369 2234 corporis
380 2177 390 2230 3
425 2172 483 2233 qua
510 2159 601 2217 levata
629 2171 680 2218 ero
706 2174 765 2218 una
792 2178 858 2219 curn
886 2177 930 2233 e0,
952 2167 1002 2240 qui

62 2261 210 2335 negotium
226 2258 297 2332 gerit
311 2265 411 2332 estque
427 2257 455 2312 in·
470 2271 522 2332 spe
541 2270 656 2332 magna.
699 2257 803 2317 Brutus
823 2260 949 2332 arnicus;
971 2263 1002 2320 in

63 2374 151 2417 causa
171 2365 298 2414 versatur
319 2355 427 2412 acriter.
470 2353 622 2412 Hactenus
642 2354 693 2412 fuit
713 2357 793 2431 quod
813 2367 895 2416 caute
916 2377 934 2416 a
954 2378 1002 2420 me

63 2456 148 2515 scribi
169 2463 276 2529 posset.
317 2451 399 2509 Vale.
440 2451 485 2509 De
506 2453 647 2526 pensione
668 2453 764 2523 altera,
786 2470 840 2512 oro
860 2463 898 2526 te,
920 2459 1001 2517 omni

63 2572 131 2612 curn
152 2551 311 2620 considera,
326 2549 395 2625 quid
417 2549 581 2608 faciendum
602 2552 647 2624 sit,
666 2562 697 2612 ut
718 2552 818 2630 scripsi
838 2553 872 2612 iis
892 2547 999 2626 litteris,

64 2666 137 2731 quas
158 2649 257 2708 Pollex
279 2648 348 2706 tulit.
