2348 3788
113 177 243 262 rp.135.]
302 189 416 240 error.
439 190 489 237 An
509 190 732 239 FAMILIARES
753 190 787 241 r.
811 195 863 260 30.
992 176 1056 262 263

113 343 206 401 aciem
230 359 297 400 suas
322 341 421 417 copias
443 341 479 398 de
504 342 568 399 vico
589 341 726 417 produxit
747 351 776 400 et
797 342 859 400 sine
880 361 964 400 mora
986 360 1057 401 con-

113 441 208 498 currit.
249 438 346 495 Primo
368 439 407 495 ita
425 447 586 514 pugnatum
600 449 651 506 est,
667 449 699 496 ut
714 440 807 496 acrius
826 458 887 498 non
905 448 1005 515 posset
1019 457 1057 496 ex

113 549 235 613 utraque
256 545 337 610 parte
355 536 477 610 pugnari
488 554 497 606 ;
518 536 571 592 etsi
591 536 735 594 dexterius
754 555 854 607 cornu,
869 537 901 594 in
920 555 979 612 quo
1000 554 1056 613 ego

114 653 194 693 eram
209 652 276 691 cum
291 632 412 689 Martiae
427 631 549 706 legionis
563 631 731 692 cohortibus
746 642 822 702 octo,
838 634 947 708 impetu
961 634 1056 708 primo

115 733 263 808 fugaverat
283 731 429 805 legionem
450 748 534 788 xxxv.
556 731 686 799 Antonii,
711 739 743 788 ut
765 731 890 806 amplius
915 749 1019 807 passus
1041 728 1057 762 *

115 832 189 888 ultra
209 830 302 887 aciem
317 824 390 906 [quo
411 829 477 885 loco
499 824 629 906 steterat]
645 829 826 903 processerit.
869 829 971 904 ltaque
992 847 1059 887 cum
1109 886 1112 892 ,

115 928 227 1004 equites
254 936 385 984 nostrum
413 944 504 983 cornu
532 925 681 982 circumire
708 925 820 996 vellent,
849 926 976 1001 recipere
1009 944 1057 984 me

116 1022 202 1096 coepi
215 1030 244 1078 et
261 1020 354 1078 levem
369 1029 542 1076 armaturam
556 1036 706 1092 opponere
721 1017 891 1076 Maurorum
906 1020 1060 1094 equitibus,

116 1138 153 1178 ne
168 1135 285 1176 aversos
298 1125 414 1173 nostros
428 1115 661 1189 adgrederentur.
703 1114 823 1172 Interim
834 1115 917 1173 video
933 1134 980 1173 me
995 1135 1059 1192 esse

117 1219 191 1274 inter
212 1213 395 1272 Antonianos
418 1212 635 1287 Antoniumque
656 1222 723 1288 post
749 1231 798 1270 me
819 1230 882 1270 esse
903 1214 1060 1289 aliquanto

118 1315 253 1388 Repente
272 1328 380 1385 equum
401 1309 506 1365 immisi
528 1308 645 1366 adeam
666 1309 811 1384 legionem
832 1312 969 1380 tironum,
984 1329 1060 1386 quae

117 1411 251 1469 veniebat
265 1426 302 1464 ex
317 1407 425 1475 castris,
441 1416 524 1463 scuto
538 1406 653 1464 reiecto.
694 1407 853 1464 Antoniani
868 1425 915 1464 me
930 1409 1059 1483 insequi;

118 1507 210 1569 nostri
226 1505 284 1582 pila
298 1504 441 1561 coniicere
459 1502 548 1560 velle:
569 1503 609 1559 ita
630 1505 730 1562 nescio
752 1522 811 1579 quo
832 1504 891 1563 fato
913 1523 978 1563 sum
1001 1524 1060 1563 ser-

117 1618 210 1675 vatuS,
238 1601 318 1679 quod
346 1619 411 1658 sum
438 1601 496 1657 cito
520 1618 538 1657 a
566 1602 671 1660 nostris
699 1604 842 1676 cognitus.
886 1623 912 1674 4.
934 1603 970 1660 In
997 1603 1061 1678 ipsa

118 1701 251 1770 Aemilia,
272 1699 322 1756 ubi
343 1697 449 1755 cohors
471 1695 603 1754 Caesaris
624 1700 769 1774 praetoria
789 1709 858 1769 erat,
880 1700 930 1758 diu
949 1719 1061 1776 pugna-

117 1812 180 1860 tum
209 1807 262 1856 est·
303 1795 403 1855 Comu
438 1796 603 1866 sinisterius
632 1796 712 1871 quod
740 1808 801 1855 erat
835 1798 983 1869 infirmius,
1011 1800 1061 1856 ubi

118 1897 242 1957 Martiae
256 1895 378 1969 legionis
394 1893 467 1951 duae
488 1893 623 1951 cohortes
643 1904 724 1952 erant
743 1904 771 1951 et
790 1894 895 1952 cohors
910 1897 1060 1970 praetoria,

119 1994 226 2072 pedem
240 1992 345 2050 referre
360 2003 526 2068 coeperunt,
540 1991 620 2068 quod
638 1993 675 2048 ab
689 1993 817 2067 equitatu
831 1993 1061 2064 circumibantur,

118 2111 178 2170 quo
192 2091 237 2149 vel
255 2089 411 2166 plurimum
429 2089 504 2146 valet
517 2091 672 2148 Antonius.
714 2089 789 2148 Cum
811 2107 914 2171 omues
933 2108 964 2148 se
982 2109 1061 2150 rece·
1084 2099 1088 2106 '

118 2193 231 2268 pissent
250 2188 341 2244 nostri
362 2186 487 2257 ordines,
502 2188 630 2262 recipere
651 2206 699 2244 me
720 2188 895 2245 novissimus
917 2189 1001 2263 coepi
1023 2189 1060 2246 ad

119 2298 214 2348 castra
221 2306 229 2358 ;
265 2285 410 2342 Antonius
429 2293 578 2359 tamquam
591 2285 681 2342 vietor
695 2296 789 2342 castra
803 2286 912 2361 putavit
926 2304 957 2342 se
973 2304 1061 2360 posse

119 2401 240 2462 capere:
271 2399 330 2457 quo
355 2399 422 2438 cum
440 2382 526 2451 venit,
551 2382 714 2456 complures
739 2383 779 2439 ibi
803 2383 898 2440 amisit
922 2402 977 2441 nec
1001 2365 1062 2458 egit

119 2485 284 2561 quicquam.
326 2479 433 2536 Audita
450 2498 482 2538 re
502 2478 613 2536 Hirtius
629 2499 696 2537 cum
717 2481 885 2539 cohortibus
906 2501 954 2540 xx.
970 2493 1062 2539 veter-

119 2582 182 2639 anis
191 2577 322 2636 redeunti
332 2577 463 2634 Antonio
477 2577 507 2633 in
522 2595 574 2634 sua
588 2587 682 2634 castra
692 2579 816 2636 occurrit
830 2580 991 2655 copiasque
1000 2581 1061 2638 eius

118 2695 223 2736 omnes
237 2675 340 2732 delevit
353 2673 518 2748 fugavitque
533 2674 639 2732 eodem
654 2674 728 2744 loco,
745 2677 795 2734 ubi
815 2686 876 2734 erat
891 2687 1061 2751 pugnatum,

119 2775 157 2834 ad
170 2774 279 2832 Forum
293 2771 462 2842 Gallorum;
484 2771 631 2828 Antonius
646 2789 712 2828 cum
727 2775 869 2847 equitibus
883 2771 955 2831 hora
968 2773 1062 2830 noctis

118 2881 221 2948 quarta
241 2887 272 2927 se
292 2869 321 2925 in
339 2880 432 2927 castra
451 2887 504 2926 sua
522 2868 559 2925 ad
574 2867 718 2926 Mutinam
738 2871 865 2946 recepit3
901 2885 928 2944 5.
950 2871 1063 2928 Hirtius

118 2971 149 3027 in
164 2987 200 3026 ea
213 2977 306 3025 castra
320 2967 411 3036 rediit,
426 2967 505 3025 unde
521 2967 617 3025 Pansa
636 2968 752 3037 exierat,
767 2970 818 3026 ubi
839 2968 911 3026 duas
932 2968 1062 3042 legiones

118 3066 280 3142 reliquerat,
292 3083 366 3140 quae
377 3065 414 3122 ab
425 3065 556 3122 Antonio
566 3074 648 3122 erant
659 3077 854 3142 oppugnatae.
893 3065 940 3122 Sic
950 3075 1061 3140 partem

118 3165 261 3222 maiorem
278 3181 394 3220 suarum
409 3162 557 3237 copiarum
572 3163 717 3220 Antonius
735 3164 831 3220 amisit
845 3172 1060 3232 veteranarum

119 3281 174 3322 nec
202 3262 232 3318 id
260 3271 358 3318 tamen
389 3261 450 3318 sine
476 3261 571 3335 aliqua
598 3261 706 3318 iactura
734 3261 896 3319 cohortium
924 3263 1061 3337 praetori·

120 3377 202 3418 arum
216 3369 378 3417 nostrarum
397 3366 426 3416 et
444 3358 566 3434 legionis
585 3357 706 3415 Martiae
722 3359 781 3416 fieri
795 3360 897 3436 potuit.
938 3359 1061 3437 Aquilae
