2356 3810
118 224 162 290 30
217 285 222 300 .
390 218 428 270 M.
454 218 573 265 rrum
594 217 782 265 crcrnorvrs
958 199 1027 290 [ears
1041 217 1060 266 1.

212 304 217 328 j

194 329 217 353 „t

119 377 258 435 scribere:
284 374 424 452 displiceo
446 374 523 444 mihi¹
537 393 592 433 nec
613 375 676 434 sine
696 391 818 450 summo,
833 372 928 458 scribo
941 373 1059 452 dolore.

118 473 171 532 Me
192 483 283 544 tueor,
302 458 334 531 ut
354 467 501 548 oppressis
521 471 666 542 omnibus,
688 489 749 530 non
769 470 904 542 demisse,
923 466 956 527 ut'
974 471 1062 529 tantis

118 573 204 630 rebus
222 572 319 648 gestis
339 589 442 645 pamm
460 569 576 630 fortiter.
617 570 646 629 A
665 568 791 628 Caesare
809 569 892 627 valde
910 568 1063 627 liberaliter

118 669 223 730 invitor
246 663 289 745 [in
309 667 483 743 legationem
504 662 603 745 illam],
625 667 679 725 sibi
699 677 731 725 ut
752 667 808 726 sim
831 665 953 742 legatus,
974 675 1061 742 atque

118 764 204 823 etiam
223 764 312 822 libera
330 764 435 838 legatio
448 764 507 821 voti
526 781 614 822 causa
633 763 724 822 datur.
767 762 826 821 Sed
844 761 915 820 haec
934 772 963 821 et
979 779 1062 838 prae·

118 861 182 921 sidii
200 861 278 936 apud
296 861 438 937 pudorem
452 859 588 919 Pulchelli
609 878 670 918 non
688 859 777 918 habet
795 859 864 918 satis
883 870 912 918 et
930 878 948 918 a
967 858 1061 918 fratris

117 958 243 1016 adventu
263 977 310 1017 me
331 953 460 1033 ablegat3
483 957 530 1016 illa
548 967 576 1016 et
593 957 729 1015 munitior
749 966 793 1015 est
812 966 841 1015 et
859 974 919 1015 non
940 957 1061 1032 impedit

118 1070 177 1132 quo
203 1056 300 1114 minus
331 1054 431 1126 adsim,
460 1073 527 1114 cum
555 1055 657 1114 velim:
692 1055 769 1113 hanc
796 1073 852 1130 ego
880 1064 978 1125 teneo,
1007 1054 1061 1113 sed

117 1171 237 1212 usurum
250 1172 297 1211 me
311 1170 372 1211 non
385 1163 456 1229 puto
464 1172 473 1226 ;
494 1136 590 1228 neque
603 1163 701 1211 tamen
715 1153 769 1212 scit
782 1152 944 1229 quisquam.
988 1151 1018 1211 N
1020 1171 1060 1212 on

117 1251 196 1309 lubet
228 1250 335 1326 lugere,
368 1267 441 1309 aveo
473 1268 611 1327 pugnare.
662 1249 773 1326 Magna
806 1260 873 1308 sunt
905 1250 1060 1309 hominum

118 1348 219 1407 studia.
262 1348 321 1407 Sed
341 1347 412 1408 nihil
432 1348 563 1420 adfirmo,
582 1357 615 1406 tu
632 1347 689 1406 hoc
708 1348 813 1407 silebis.
857 1365 883 1419 4.
898 1346 945 1406 De
965 1347 1058 1407 Statio

117 1464 206 1505 manu
220 1447 310 1504 misso
329 1455 358 1505 et
376 1463 437 1505 non
451 1446 536 1504 nullis
555 1446 615 1505 aliis
628 1447 716 1504 rebus
734 1464 828 1521 angor
846 1445 991 1520 equidem,
1007 1446 1059 1504 sed

117 1545 176 1601 iam
207 1561 324 1619 prorsus
358 1542 486 1602 occallui.
538 1533 587 1602 Tu
621 1543 723 1602 vellem
756 1561 813 1618 ego
844 1541 889 1599 vel
920 1559 1057 1618 cuperem

118 1640 251 1699 adesses:
271 1658 326 1699 nec
345 1639 415 1698 mihi
429 1640 581 1700 consilium
595 1659 650 1699 nec
664 1640 824 1700 consolatio
838 1639 959 1700 deesset
999 1639 1059 1700 Sed

119 1739 158 1798 ita
172 1747 199 1797 te
213 1756 291 1814 para,
305 1748 345 1810 ut,
361 1739 386 1798 si
398 1739 565 1818 inclamaro
580 1739 704 1799 advoles

343 1910 387 1966 12.
427 1907 484 1966 AD
505 1906 697 1966 Arrrcuru
719 1906 758 1966 11.
783 1925 827 1983 19.

254 2021 320 2083 Sere.
342 2022 450 2084 Rounu
471 2042 564 2083 uersu
587 2023 730 2095 Qumm
751 2040 833 2084 nuc.
858 2023 926 2098 695.

434 2149 536 2191 cronno
557 2148 662 2190 nrrrco
682 2148 745 2189 sne.

161 2264 185 2306 1.
211 2245 324 2306 Meum
338 2264 385 2305 me
403 2245 557 2305 sollicitant
571 2253 600 2303 et
614 2263 650 2303 ex
663 2243 704 2302 rei
718 2243 850 2319 publicae
869 2253 951 2303 tanto
973 2254 1057 2304 motu

117 2353 145 2403 et
159 2362 196 2402 ex
210 2345 243 2402 iis
257 2344 398 2420 periculis
413 2361 488 2418 quae
507 2342 575 2409 mihi
598 2341 653 2419 ipsi
673 2341 866 2412 intenduntur,
880 2351 910 2400 et
923 2353 1057 2401 sescenta

117 2451 200 2514 sunt;
222 2442 274 2500 sed
295 2441 365 2499 mihi
386 2440 455 2499 nihil
476 2451 519 2500 est
540 2439 690 2499 molestius
711 2457 800 2530 quam
821 2438 944 2498 Statium
966 2458 1057 2499 manu

115 2557 236 2598 mrssum
246 2557 253 2597 :

147 2655 198 2701 Nec
214 2628 292 2701 meum
308 2653 442 2714 imperium:
459 2669 486 2701 ec
503 2653 572 2700 mitto
589 2652 723 2714 imperium:
739 2668 787 2700 non
804 2653 944 2701 simultatem
961 2669 1040 2701 meam

147 2737 255 2784 Revereri
271 2737 365 2785 saltem!

116 2835 181 2895 Nec
201 2836 271 2912 quid
292 2836 396 2895 faciam
418 2839 488 2907 scio,
508 2856 603 2913 neque
625 2845 737 2894 tantum
757 2844 800 2895 est
821 2837 851 2894 in
872 2855 912 2908 re,
929 2848 1056 2913 quantus

114 2945 160 2994 est
184 2952 289 2994 sermo.
331 2934 397 3011 Ego
419 2946 516 2993 autem
546 2954 583 2993 ne
612 2935 696 2993 irasci
725 2952 846 3010 possum
873 2934 991 3010 quidem
1021 2937 1056 2995 iis

115 3051 190 3110 quos
221 3033 303 3091 valde
331 3051 417 3091 amo:
453 3043 564 3091 tanturn
593 3032 688 3102 doleo,
717 3050 751 3091 ac
780 3032 898 3090 mirifice
928 3033 1056 3110 quidem.

30 3174 31 3179 η
115 3133 136 3202 †
152 3131 257 3190 Cetera
271 3131 301 3189 in
314 3131 429 3205 magnis
445 3132 549 3202 rebus;
564 3131 661 3187 minae
676 3129 770 3188 Clodii
785 3130 1055 3206 contentionesque,

114 3249 183 3305 quae
213 3229 283 3287 mihi
312 3239 524 3305 proponuntur,
552 3228 669 3286 modice
696 3246 745 3285 me
772 3237 911 3303 tangunt:
946 3231 1055 3289 etenim

117 3328 162 3386 vel
189 3327 284 3386 subire
312 3343 362 3384 eas
384 3326 483 3384 videor
510 3325 581 3383 mihi
608 3342 723 3384 summa
750 3343 817 3384 cum
845 3327 983 3402 dignitate
1011 3329 1057 3387 vel

55 3488 57 3492 Α
117 3425 260 3484 declinare
288 3423 365 3482 nulla
392 3441 459 3482 cum
486 3423 618 3483 molestia
647 3440 742 3500 posse.
792 3422 880 3482 Dices
911 3423 1053 3484 sortasse:
