2356 3810
62 233 107 294 Ep.
124 219 178 303 ze]
269 232 453 281 urrunnu
474 232 698 281 FAMILIARES
719 234 744 282 r.
770 231 800 301 7.
969 215 1011 300 65
1042 259 1044 264 Α
1074 258 1075 261 ,

62 389 164 458 amari,
185 389 303 464 quando
331 391 368 448 ab
395 391 449 448 illis
477 391 557 449 nullo
584 390 675 448 modo
703 406 834 465 possum.
877 386 1009 444 Domum

62 504 162 543 meam
181 487 261 562 quod
277 489 378 545 crebro
400 489 506 558 invisis,
521 498 565 546 est
584 489 654 545 mihi
672 487 755 546 valde
775 497 899 561 gratum.
942 484 1011 541 Via-

62 583 155 640 ticum
180 583 331 660 Crassipes
354 587 498 661 praeripit.
541 585 589 642 Tu
615 586 650 643 de
675 585 721 642 via
744 593 823 642 recta
846 583 876 639 in
901 582 1009 639 hortos.

62 679 187 737 Videtur
202 681 385 740 commodius
406 683 443 740 ad
460 692 506 740 te:
528 683 667 758 postridie
688 681 812 750 scilicet;
837 680 907 754 quid
930 680 1009 736 enim

62 778 135 834 tua?
164 778 215 836 sed
240 780 402 838 viderimus.
445 780 655 839 Bibliothecam
683 779 754 836 mihi
782 777 823 835 tui
852 778 1010 854 pinxerunt

63 876 270 936 constrictione
291 886 320 935 et
341 879 468 953 sittybis:
489 896 542 938 eos
563 878 648 935 velim
669 877 778 956 laudes.

279 1036 327 1094 26.
369 1033 427 1091 AD
448 1034 699 1093 FAMILIARES
721 1033 744 1092 Ι.
770 1047 796 1108 7.

124 1228 129 1239 ὑ
231 1145 297 1207 Scri.
318 1147 427 1207 Rounn
448 1167 542 1208 uersu
562 1148 647 1208 Miro
669 1167 753 1207 nuc.
778 1150 845 1223 698.

262 1272 294 1311 u.
309 1272 413 1336 crcrrro
423 1273 445 1313 s.
462 1273 490 1312 n.
505 1274 529 1313 r.
543 1274 680 1314 LENTULO
695 1273 812 1314 procos.
836 1323 837 1327 η

109 1387 135 1428 r.
158 1367 234 1427 Lror
250 1377 313 1426 tuas
330 1368 445 1437 litteras,
463 1370 567 1445 quibus
586 1369 688 1427 adme
708 1370 809 1428 scribis
828 1379 943 1445 gratum
961 1368 1011 1425 tlbi

64 1485 140 1537 esse,
155 1466 236 1542 quod
250 1467 350 1525 crebro
368 1468 471 1525 certior
484 1485 536 1542 per
550 1487 598 1525 me
613 1468 665 1525 lias
679 1468 716 1526 de
731 1468 867 1526 omnibus
882 1467 968 1524 rebus
983 1475 1012 1522 et

64 1583 254 1639 meamuerga
274 1573 303 1622 te
324 1564 555 1622 benevolentiam
576 1565 658 1622 facile
680 1565 855 1642 perspicias:
886 1581 1011 1640 quorum

65 1664 188 1721 alterum
202 1662 281 1732 mihi,
296 1671 327 1719 ut
341 1672 369 1725 te
387 1661 542 1738 plurimum
560 1663 685 1737 diligam,
704 1652 798 1720 facere
820 1679 940 1720 necesse
958 1671 1010 1728 est,

65 1761 90 1818 si
109 1759 177 1817 volo
193 1759 217 1816 is
234 1777 308 1829 esse,
324 1777 411 1835 quem
433 1769 464 1817 tu
484 1778 532 1817 me
553 1778 616 1817 esse
635 1760 771 1831 voluisti;
793 1759 914 1819 alterum
936 1757 1012 1817 facio

64 1858 195 1927 libenter,
223 1868 264 1926 ut,
292 1858 432 1933 quoniam
460 1858 608 1916 intervallo
637 1858 769 1916 locorum
791 1867 820 1916 et
847 1868 1012 1932 temporum
1051 1902 1055 1916 ,

65 1956 186 2014 diiuncti
206 1973 315 2026 sumuS,
337 1974 389 2031 per
409 1956 516 2015 litteras
537 1967 633 2014 tecum
655 1975 744 2033 quam
764 1955 932 2036 saepissime
953 1955 1011 2014 col·

63 2054 178 2129 loquar.
220 2053 311 2125 Quod
340 2055 364 2111 si
393 2055 483 2112 rarius
510 2053 559 2112 fiet
587 2072 675 2128 quam
703 2064 734 2112 tu
762 2051 952 2131 exspectabis,
981 2053 1012 2111 id

64 2153 118 2210 erit
139 2169 253 2221 causae,
274 2151 355 2226 quod
380 2169 441 2208 non
469 2151 530 2210 eius
558 2152 672 2226 generis
699 2169 783 2209 meae
805 2152 913 2211 litterae
935 2161 1010 2220 sunt,

63 2260 96 2309 ut
124 2267 174 2308 eas
202 2248 325 2307 audeam
346 2258 454 2308 temere
475 2251 674 2308 committere:
704 2249 837 2324 quotiens
858 2247 928 2304 mihi
950 2266 1011 2307 cer·

20 2421 23 2429 Ι
63 2360 161 2407 torum
189 2346 341 2405 bominum
369 2357 498 2424 potestas
522 2348 582 2415 erit,
610 2348 716 2422 quibus
744 2355 821 2404 recte
851 2345 927 2414 dem,
950 2363 1011 2406 non

63 2447 300 2523 praetermittam.
344 2464 371 2502 2.
400 2444 491 2516 Quod
520 2445 592 2503 scire
620 2445 671 2515 vis,
700 2462 759 2519 qua
787 2444 910 2520 quisque
932 2444 962 2501 in
983 2453 1012 2504 te

63 2545 123 2604 tide
144 2544 180 2601 sit
199 2544 404 2616 etvoluntate,
423 2543 536 2601 difficile
555 2542 634 2601 dictu
649 2553 693 2602 est
708 2541 899 2626 desingulis:
921 2559 1012 2598 unum

62 2641 135 2700 illud
165 2640 267 2710 audeo,
300 2642 381 2716 quod
413 2651 499 2698 antea
530 2640 581 2698 tibi
613 2659 700 2718 saepe
732 2629 901 2716 significavi,
933 2657 1012 2698 nunc

62 2758 183 2818 quoque
214 2759 245 2797 re
272 2751 425 2815 perspecta
454 2750 482 2798 et
511 2740 629 2815 cognita
660 2741 793 2810 scribere,
826 2739 1012 2798 vehementer

61 2838 211 2915 quosdam
239 2837 371 2895 homines
399 2847 429 2896 et
456 2855 508 2896 eos
536 2838 671 2907 maxime,
693 2837 742 2913 qui
769 2845 799 2895 te
827 2845 857 2894 et
885 2837 1012 2902 maxime

62 2937 227 2996 debuerunt
255 2945 284 2992 et
308 2935 463 3010 plurimum
484 2936 581 2992 iuvare
602 2944 769 3010 potuerunt,
791 2933 927 2992 invidisse
949 2934 1013 3009 dig-

61 3033 148 3092 nitati
168 3042 243 3100 tuae,
273 3031 504 3106 simillimamque
533 3031 563 3088 in
591 3049 622 3088 re
650 3030 780 3088 dissimili
808 3031 848 3089 tui
873 3031 1012 3106 temporis

62 3148 144 3189 nunc
164 3140 193 3186 et
214 3129 304 3186 nostri
327 3129 477 3203 quondam
498 3128 585 3186 fuisse
608 3128 758 3197 rationem,
773 3138 813 3198 ut,
828 3145 903 3204 quos
923 3138 954 3184 tu
972 3127 1013 3184 rei

62 3227 199 3306 publicae
220 3243 308 3284 causa
328 3225 462 3296 laeseras,
485 3225 581 3301 palam
602 3235 631 3283 te
652 3235 865 3301 oppugnarent,
887 3243 1012 3299 quorum

63 3324 274 3392 auctoritatem,
300 3323 471 3398 dignitatern
492 3325 728 3398 voluntatemque
749 3323 929 3393 defenderas,
951 3341 1012 3380 non

63 3433 127 3482 tam
149 3438 294 3480 memores
315 3432 412 3480 essent
433 3421 541 3478 virtutis
565 3432 630 3479 tuae
658 3438 747 3498 quarn
775 3420 867 3490 laudis
894 3420 1011 3480 inimici.

528 3535 547 3577 r
