2356 3810
76 266 118 327 ap.
134 276 176 326 ³9,
191 247 244 332 40.]
260 258 373 310 aaran
396 257 446 308 Aa
466 258 689 308 FAMILIARES
710 257 768 310 xv.
791 252 818 310 6.
956 257 1017 326 115

76 439 207 495 regnum,
232 418 378 479 sociorum
401 405 565 476 revocatam
589 417 627 476 ad
648 415 774 476 studium
795 413 906 492 imperii
926 415 1017 472 nostri

76 518 252 575 voluntatem
274 516 416 574 sententia
436 533 503 573 mea
525 525 553 573 et
574 515 689 572 decreto
710 512 866 582 laudarem,
884 511 948 570 feci.
992 529 1017 568 2.

78 615 326 690 supplicationem
347 613 500 683 decretam,
523 613 547 671 si
568 621 607 684 tu,
623 630 681 687 qua
701 612 731 668 in
752 630 783 668 re
801 610 872 675 nihil
892 608 1017 676 fortuit0,

77 713 129 772 sed
144 731 258 771 summa
271 721 320 769 tua
334 711 444 768 ratione
464 719 494 767 et
513 709 690 767 continentia
708 709 749 767 rei
770 708 902 784 publicae
923 705 1018 781 provi·

78 829 143 868 sum
157 819 208 880 est,
223 810 267 867 dis
285 807 494 865 immortalibus
512 807 646 882 gratulari
665 824 720 864 nos
740 824 828 881 quam
847 805 898 862 tibi
914 804 1018 862 referre

77 916 230 982 acceptum
245 905 345 974 mavis,
356 903 488 978 gaudeo:
510 905 590 979 quod
602 904 626 961 si
640 903 778 978 triumphi
791 902 1019 978 praerogativam

78 1014 163 1080 putas
185 1002 425 1078 supplicationem
446 1010 475 1060 et
502 1000 609 1059 idcirco
631 1018 731 1058 casum
752 1000 848 1077 potius
876 1017 976 1074 quam„
991 1008 1019 1056 tc

78 1101 188 1158 laudari
219 1100 320 1168 mavis,
348 1117 444 1174 neque
477 1098 718 1174 supplicationem
751 1098 878 1174 sequitur
906 1115 1020 1172 semper

78 1198 241 1274 triumphus
256 1208 284 1256 et
298 1197 443 1272 triumpho
462 1197 553 1256 multo
568 1197 670 1255 clarius
685 1205 728 1255 est
747 1205 880 1254 senatum
894 1196 1020 1254 iudicare

79 1299 177 1373 potius
189 1295 410 1354 mansuetudine
425 1306 452 1353 et
466 1295 632 1353 innocentia
649 1295 829 1369 imperatoris
844 1294 1020 1368 provinciam

80 1412 168 1471 quam
182 1394 209 1450 vi
228 1393 351 1450 militum
369 1401 418 1449 aut
435 1391 614 1467 benignitate
633 1391 755 1449 deorum
775 1400 915 1448 retentam
935 1400 1020 1467 atque

80 1500 280 1550 conservatam
303 1508 387 1561 esse;
415 1489 495 1565 quod
520 1507 576 1564 ego
598 1507 665 1547 mea
687 1487 829 1546 sententia
843 1488 1018 1546 censebam.

81 1608 109 1662 3.
130 1589 226 1664 Atque
247 1588 320 1646 haec
340 1605 397 1662 ego
418 1587 524 1645 idcirco
546 1586 584 1644 ad
605 1596 634 1644 te
655 1595 756 1644 contra
777 1585 1020 1643 consuetudinem

80 1704 177 1744 meam
199 1685 326 1761 pluribus
347 1685 456 1759 scripsi,
476 1693 516 1754 ut,
538 1683 617 1760 quod
638 1684 764 1741 maxime
786 1683 861 1753 v010,
876 1683 1021 1769 existimes

80 1803 128 1842 me
150 1784 288 1852 laborare,
309 1792 341 1839 ut
361 1783 412 1839 tibi
433 1781 623 1857 persuadeam
647 1800 695 1838 me
722 1791 750 1839 et
766 1781 893 1838 voluisse
915 1780 951 1838 de
972 1791 1022 1838 tua

80 1882 236 1949 maiestate,
251 1880 331 1954 quod
353 1879 562 1954 amplissimum
581 1878 636 1935 sim
657 1879 815 1947 arbitratus,
832 1888 867 1946 et,
888 1878 968 1953 quod
989 1889 1020 1935 tu

81 1978 213 2048 maluisti,
242 1977 350 2034 sactum
374 1994 438 2034 esse
466 1975 601 2050 gaudere.
643 1974 717 2032 Vale
742 1985 771 2032 et
795 1993 850 2032 uos
879 1975 964 2050 dilige
993 1986 1021 2033 et

81 2078 209 2136 instituto
234 2077 332 2133 itinere
358 2076 537 2133 severitatem
561 2074 796 2149 diligentiamque
819 2074 905 2132 sociis
927 2085 955 2134 et
979 2077 1021 2134 rei

81 2176 214 2253 publicae
229 2185 350 2250 praesta.
619 2184 625 2190 “

271 2335 320 2394 40.
361 2329 418 2386 AD
439 2328 690 2386 FAMILIARES
713 2327 780 2386 XV.
803 2329 832 2391 6.

164 2445 229 2505 Seu.
250 2463 281 2503 nr
301 2443 415 2503 Curcrn
435 2444 692 2526 nausa-Qururrnr
714 2441 748 2520 (i)
770 2461 853 2504 nuc.
877 2455 892 2518 7
918 2460 946 2516 4.

337 2570 360 2610 u
381 2570 482 2611 creano
503 2569 525 2610 s
546 2569 574 2609 u.
595 2569 627 2609 u.
649 2566 762 2610 curcur.
800 2564 802 2568 ⁴
854 2551 858 2560 '

126 2685 151 2726 1.
172 2666 307 2724 ‘Laurus
335 2682 400 2721 sum
428 2664 548 2722 laudari
563 2661 629 2722 me’
657 2665 750 2739 inquit
774 2662 895 2733 Hector,
917 2662 1022 2738 opinor

83 2765 161 2840 apud
185 2763 336 2833 Naevium,
358 2764 427 2821 ‘abs
450 2773 485 2832 te,
509 2759 598 2837 pater,
620 2780 638 2819 a
661 2761 777 2819 laudato
798 2758 891 2832 viro;'
923 2779 959 2818 ea
979 2770 1023 2819 est

82 2863 161 2920 enim
178 2860 308 2936 profecto
327 2860 452 2917 iucunda
470 2860 541 2930 laus,
556 2858 681 2934 quae-ab
703 2859 737 2917 iis
758 2858 956 2934 proficiscitur,
972 2857 1022 2934 qui

82 2961 138 3035 ipsi
151 2960 181 3016 in
195 2958 278 3016 laude
293 2959 432 3016 vixerunt.
473 2957 539 3031 Ego
549 2972 627 3014 'vero
649 2956 694 3014 vel
712 2957 901 3031 gratulatione
917 2957 1023 3014 littera-

82 3077 147 3115 rum
170 3066 281 3113 tuarum
309 3055 353 3111 vel
382 3056 552 3113 testimoniis
578 3051 736 3113 sententiae
761 3055 854 3112 dictae
882 3054 952 3111 nihil
979 3064 1023 3111 est

82 3154 162 3231 quod
176 3172 223 3210 me
238 3170 298 3223 non
313 3152 481 3209 adsecutum
496 3162 595 3228 putem
608 3172 626 3224 3-
639 3153 725 3227 idque
740 3152 810 3209 mihi
824 3171 891 3210 cum
906 3151 1022 3226 amplis-

83 3255 195 3320 simum,
212 3261 273 3307 tum
288 3250 482 3324 gratissimum
498 3259 550 3320 est,
565 3260 592 3306 te
607 3250 727 3307 libenter
744 3250 884 3307 amicitiae
900 3249 1021 3318 dedisse,

82 3350 163 3425 quod
187 3347 294 3422 liquido
323 3347 432 3404 veritati
457 3347 549 3404 dares.
591 3346 638 3415 Et,
663 3347 686 3404 si
711 3364 771 3404 non
798 3347 888 3404 modo
910 3363 1020 3415 omnes,

82 3450 288 3506 verumetiam
310 3445 390 3502 multi
412 3442 540 3502 Catones
562 3458 659 3502 essent
680 3444 711 3501 in
732 3444 842 3502 civitate
864 3454 970 3514 nostra,
992 3444 1021 3500 in

526 3558 574 3599 12
