2356 3810
120 214 159 280 16
372 231 411 281 Μ.
437 231 556 280 ruram
577 228 764 283 oroanonrs
949 220 1018 306 [Pars
1039 233 1058 288 t.

116 389 248 446 tribunus
268 387 306 464 pl
322 387 416 459 ferret,
435 389 465 446 in
490 407 548 465 qua
570 389 641 448 nihil
662 390 739 449 aliud
762 407 780 448 a
800 389 945 450 consulari
969 409 1056 467 roga-

115 486 196 544 tione
217 485 367 544 differebat
384 487 439 544 nisi
464 487 592 544 iudicum
613 487 777 562 genus-in
797 506 835 546 eo
855 497 953 546 autem
976 499 1058 547 erant

115 586 264 654 omnia—,
286 585 480 661 pugnavitque
499 595 532 643 ut
552 586 591 643 ita
610 586 698 655 lieret,
718 586 798 661 quod
820 595 849 644 et
871 587 927 644 sibi
947 596 977 645 et
998 587 1059 647 aliis

115 692 297 757 persuaserat
310 681 395 740 nullis
408 682 489 739 illum
508 683 649 741 iudicibus
669 681 797 759 effugere
814 701 910 758 posse,
925 684 1058 742 contraxi

116 779 179 837 vela
199 779 377 856 perspiciens
398 779 529 855 inopiam
550 779 686 851 iudicum,
704 798 799 856 neque
820 781 879 838 dixi
900 782 1058 857 quicquam

116 894 171 952 pro
184 876 361 946 testimoni0,
376 877 431 934 nisi
445 876 526 953 quod
547 887 607 935 erat
623 878 663 936 ita
681 887 785 935 notum
805 887 892 953 atque
911 889 1057 950 testatum,

116 983 232 1031 utnon
255 991 375 1050 possem
398 975 561 1050 praeterire.
612 975 724 1050 Itaque,
750 975 775 1033 si
799 992 919 1034 causam
944 978 1058 1053 quaeris

117 1074 318 1143 absolutionis,
345 1082 378 1130 ut
404 1073 462 1130 iam
489 1076 555 1145 πρὸς
580 1076 610 1128 τὸ
637 1079 762 1147 πρότερον
784 1083 917 1145 revertar,
944 1085 1058 1150 egestas

117 1171 247 1229 iudicum
269 1169 322 1228 fuit
340 1179 369 1228 et
387 1170 555 1245 turpitudo;
585 1170 616 1228 id
637 1180 733 1228 autem
753 1179 784 1229 ut
803 1170 956 1243 accideret,
976 1190 1058 1231 com·

116 1269 239 1326 missum
262 1277 306 1325 est
329 1266 480 1326 Hortensii
505 1266 636 1337 consilio,
657 1268 715 1343 qui,
733 1268 803 1326 dum
824 1269 931 1327 veritus
954 1280 1059 1329 estne

117 1365 216 1424 Fufius
230 1365 257 1423 ei
270 1365 327 1441 legi
341 1364 538 1434 intercederet,
552 1382 627 1440 quae
642 1383 678 1422 ex
698 1376 814 1425 senatus
835 1367 970 1427 consulto
986 1369 1058 1428 fere·

117 1465 210 1533 batur,
224 1481 286 1521 non
300 1462 369 1518 vidit
382 1460 459 1531 illud,
474 1462 563 1520 satius
577 1480 641 1520 esse
656 1463 735 1520 illum
756 1465 786 1521 in
803 1463 921 1523 infamia
934 1466 1059 1543 relinqui

118 1579 153 1619 ac
172 1560 304 1618 sordibus
322 1577 410 1635 quam
429 1559 544 1618 infirmo
563 1559 671 1619 iudicio
690 1561 851 1632 committi;
882 1562 936 1621 sed
954 1563 1058 1624 ductus

117 1658 187 1717 odio
215 1656 379 1733 properavit
405 1674 467 1714 rem
492 1655 633 1715 deducere
658 1657 688 1714 in
715 1656 862 1729 iudicium,
885 1678 954 1718 cum
977 1662 1059 1721 illum

117 1757 255 1834 plumbeo
284 1755 381 1832 gladio
408 1755 568 1832 iugulatum
595 1756 628 1814 iri
655 1765 753 1814 tamen
782 1757 897 1816 diceret.
941 1777 968 1834 3.
1000 1759 1058 1819 Sed

117 1855 253 1913 iudicium
275 1855 298 1912 si
317 1855 431 1928 quaeris
452 1853 536 1929 quale
557 1853 649 1924 fuerit,
667 1853 825 1912 incredibili
844 1856 930 1928 exitu,
948 1858 999 1929 sic,
1017 1859 1058 1917 uti

118 1972 196 2011 nunc
210 1972 247 2011 ex
261 1961 365 2011 eventu
379 1953 417 2009 ab
432 1952 502 2022 aliis,
517 1969 534 2009 a
548 1969 596 2008 me
611 1952 669 2009 iam
684 1970 720 2009 ex
731 1953 796 2028 ipso
807 1952 888 2012 initio
903 1956 1059 2014 consilium

118 2051 269 2110 Hortensii
296 2049 528 2125 reprehendatur.
586 2047 664 2106 Nam
698 2059 731 2107 ut
758 2049 875 2109 reiectio
910 2051 988 2111 facta
1016 2063 1060 2113 est

118 2150 292 2208 clamoribus
319 2148 463 2218 maximis,
489 2164 556 2206 cum
589 2156 742 2205 accusator
773 2157 922 2224 tamquam
953 2167 1059 2210 censor

117 2247 214 2304 bonus
240 2246 375 2305 homines
408 2245 615 2322 nequissumos
646 2244 784 2315 reiiceret,
812 2264 879 2305 reus
909 2255 1060 2329 tamquam

118 2345 247 2403 clemens
270 2344 374 2404 lanista
397 2342 631 2419 frugalissumum
656 2359 803 2419 quemque
831 2329 1001 2416 secerneret,
1027 2356 1060 2405 ut

117 2445 244 2519 primum
262 2441 371 2501 iudices
389 2441 594 2511 consederunt,
610 2440 693 2499 valde
715 2441 844 2499 diffidere
859 2443 931 2500 boni
952 2461 1060 2520 coepe·

116 2550 200 2612 runt;
216 2557 277 2597 non
292 2539 371 2598 enim
385 2555 526 2614 umquam
540 2538 650 2614 turpior
659 2538 690 2595 in
703 2537 774 2596 ludo
788 2538 889 2596 talario
901 2556 1058 2600 consessus

116 2637 186 2696 suit:
215 2636 355 2695 maculosi
380 2645 537 2705 senatores,
557 2636 627 2693 nudi
652 2635 772 2711 equites,
792 2637 898 2694 tribuni
920 2651 1059 2698 nontam

116 2735 204 2794 aerati
226 2752 323 2810 quam,
347 2743 380 2792 ut
404 2733 593 2811 appellantur,
614 2733 731 2805 aerarii;
762 2734 848 2809 pauci
864 2743 963 2792 tamen
987 2737 1060 2795 boni

116 2834 236 2904 inerant,
264 2849 339 2909 quos
367 2833 522 2891 reiectione
550 2830 651 2906 fugare
679 2831 725 2889 ille
752 2848 814 2890 non
842 2841 984 2908 potuerat,
1010 2836 1060 2910 qui

116 2931 219 2988 maesti
247 2931 321 2988 inter
349 2930 394 2988 sui
421 2928 575 2988 dissimiles
603 2938 633 2986 et
659 2939 821 2988 maerentes
856 2930 998 2990 sedebant
1031 2941 1061 2991 et

117 3028 292 3104 contagione
316 3027 500 3104 turpitudinis
524 3026 709 3084 vehementer
735 3027 987 3101 permovebantur.
1031 3049 1059 3101 4.

118 3125 186 3196 Hic,
200 3136 233 3184 ut
249 3143 382 3202 quaeque
398 3143 445 3183 res
466 3125 504 3183 ad
525 3125 678 3183 consilium
697 3125 797 3200 primis
816 3127 1060 3202 postulationibus

118 3224 300 3293 referebatur,
335 3223 511 3281 incredibilis
545 3232 606 3280 erat
641 3224 783 3293 severitas
812 3223 890 3281 nulla
924 3227 1060 3285 varietate

119 3323 342 3393 sententiarum3
377 3320 446 3378 nihil
481 3320 653 3396 impetrabat
682 3338 769 3392 reus3
805 3320 871 3396 plus
899 3324 1060 3383 accusatori

120 3420 248 3494 dabatur,
260 3438 347 3498 quam
363 3419 542 3495 postulabat3
564 3417 870 3496 triumphabat-quid
885 3419 1060 3480 quaeris?-
