<?xml version="1.0" encoding="UTF-8"?>
<!DOCTYPE html PUBLIC "-//W3C//DTD XHTML 1.0 Transitional//EN"
    "http://www.w3.org/TR/xhtml1/DTD/xhtml1-transitional.dtd">
<html xmlns="http://www.w3.org/1999/xhtml" xml:lang="en" lang="en">
 <head>
  <title>
</title>
<meta http-equiv="Content-Type" content="text/html;charset=utf-8" />
  <meta name='ocr-system' content='tesseract 3.04.00' />
  <meta name='ocr-capabilities' content='ocr_page ocr_carea ocr_par ocr_line ocrx_word'/>
</head>
<body>
  <div class='ocr_page' id='page_1' title='image "./epistolaeselect01cicegoog/epistolaeselect01cicegoog_0135.png"; bbox 0 0 2356 3810; ppageno 0'>
   <div class='ocr_carea' id='block_1_1' title="bbox 116 205 1057 299">
    <p class='ocr_par' dir='ltr' id='par_1_1' title="bbox 116 205 1057 299">
     <span class='ocr_line' id='line_1_1' title="bbox 116 205 1057 299; baseline 0 -24"><span class='ocrx_word' id='word_1_1' title='bbox 116 229 161 290; x_wconf 78' lang='lat' dir='ltr'>ap.</span> <span class='ocrx_word' id='word_1_2' title='bbox 176 211 228 299; x_wconf 88' lang='lat'><strong>42.]</strong></span> <span class='ocrx_word' id='word_1_3' title='bbox 341 225 453 273; x_wconf 71' lang='lat' dir='ltr'>nerra.</span> <span class='ocrx_word' id='word_1_4' title='bbox 477 225 531 287; x_wconf 63' lang='lat' dir='ltr'>AD,</span> <span class='ocrx_word' id='word_1_5' title='bbox 546 225 710 273; x_wconf 79' lang='lat' dir='ltr'>Arrrcmr</span> <span class='ocrx_word' id='word_1_6' title='bbox 734 223 778 274; x_wconf 75' lang='lat' dir='ltr'>vr.</span> <span class='ocrx_word' id='word_1_7' title='bbox 802 205 832 274; x_wconf 91' lang='lat'>6.</span> <span class='ocrx_word' id='word_1_8' title='bbox 999 230 1057 295; x_wconf 91' lang='lat'>119</span> 
     </span>
    </p>
   </div>
   <div class='ocr_carea' id='block_1_2' title="bbox 115 374 1134 3480">
    <p class='ocr_par' dir='ltr' id='par_1_2' title="bbox 115 374 1134 3480">
     <span class='ocr_line' id='line_1_2' title="bbox 115 374 1058 450; baseline -0.003 -16"><span class='ocrx_word' id='word_1_9' title='bbox 115 386 145 434; x_wconf 92' lang='lat' dir='ltr'>te</span> <span class='ocrx_word' id='word_1_10' title='bbox 165 385 245 433; x_wconf 88' lang='lat' dir='ltr'>certo</span> <span class='ocrx_word' id='word_1_11' title='bbox 267 374 328 432; x_wconf 91' lang='lat' dir='ltr'>scio</span> <span class='ocrx_word' id='word_1_12' title='bbox 348 374 453 443; x_wconf 91' lang='lat' dir='ltr'>dolere,</span> <span class='ocrx_word' id='word_1_13' title='bbox 469 375 604 450; x_wconf 84' lang='lat' dir='ltr'>equidem</span> <span class='ocrx_word' id='word_1_14' title='bbox 625 376 774 433; x_wconf 87' lang='lat' dir='ltr'>excrucior</span> <span class='ocrx_word' id='word_1_15' title='bbox 781 395 789 446; x_wconf 90' lang='lat'>;</span> <span class='ocrx_word' id='word_1_16' title='bbox 813 376 959 433; x_wconf 90' lang='lat' dir='ltr'>decreram</span> <span class='ocrx_word' id='word_1_17' title='bbox 980 376 1058 432; x_wconf 91' lang='lat' dir='ltr'>enim</span> 
     </span>
     <span class='ocr_line' id='line_1_3' title="bbox 115 471 1059 547; baseline -0.003 -16"><span class='ocrx_word' id='word_1_18' title='bbox 115 489 249 532; x_wconf 84' lang='lat' dir='ltr'>cumeo</span> <span class='ocrx_word' id='word_1_19' title='bbox 275 472 363 530; x_wconf 76' lang='lat' dir='ltr'>¹valde</span> <span class='ocrx_word' id='word_1_20' title='bbox 394 471 566 530; x_wconf 84' lang='lat' dir='ltr'>familiariter</span> <span class='ocrx_word' id='word_1_21' title='bbox 596 473 697 530; x_wconf 91' lang='lat' dir='ltr'>vivere.</span> <span class='ocrx_word' id='word_1_22' title='bbox 754 492 780 545; x_wconf 85' lang='lat'>3.</span> <span class='ocrx_word' id='word_1_23' title='bbox 802 471 866 529; x_wconf 91' lang='lat' dir='ltr'>Nos</span> <span class='ocrx_word' id='word_1_24' title='bbox 895 473 1059 547; x_wconf 92' lang='lat' dir='ltr'>provinciae</span> 
     </span>
     <span class='ocr_line' id='line_1_4' title="bbox 116 568 1058 653; baseline 0 -26"><span class='ocrx_word' id='word_1_25' title='bbox 116 570 308 646; x_wconf 83' lang='lat' dir='ltr'>praefecimus</span> <span class='ocrx_word' id='word_1_26' title='bbox 344 569 491 628; x_wconf 89' lang='lat' dir='ltr'>Caelium:</span> <span class='ocrx_word' id='word_1_27' title='bbox 527 568 681 644; x_wconf 87' lang='lat' dir='ltr'>‘puerum&#39;</span> <span class='ocrx_word' id='word_1_28' title='bbox 714 570 826 653; x_wconf 89' lang='lat' dir='ltr'>inquies</span> <span class='ocrx_word' id='word_1_29' title='bbox 859 574 907 627; x_wconf 87' lang='lat' dir='ltr'>‘et</span> <span class='ocrx_word' id='word_1_30' title='bbox 938 569 1058 627; x_wconf 85' lang='lat' dir='ltr'>fortasse</span> 
     </span>
     <span class='ocr_line' id='line_1_5' title="bbox 116 667 1058 746; baseline -0.001 -20"><span class='ocrx_word' id='word_1_31' title='bbox 116 669 228 726; x_wconf 86' lang='lat' dir='ltr'>fatuum</span> <span class='ocrx_word' id='word_1_32' title='bbox 242 680 270 726; x_wconf 90' lang='lat' dir='ltr'>et</span> <span class='ocrx_word' id='word_1_33' title='bbox 285 687 346 725; x_wconf 91' lang='lat' dir='ltr'>non</span> <span class='ocrx_word' id='word_1_34' title='bbox 359 687 478 746; x_wconf 81' lang='lat' dir='ltr'>gravem</span> <span class='ocrx_word' id='word_1_35' title='bbox 497 675 525 726; x_wconf 91' lang='lat' dir='ltr'>et</span> <span class='ocrx_word' id='word_1_36' title='bbox 544 686 605 724; x_wconf 90' lang='lat' dir='ltr'>non</span> <span class='ocrx_word' id='word_1_37' title='bbox 627 667 841 726; x_wconf 70' lang='lat' dir='ltr'>continentem!</span> <span class='ocrx_word' id='word_1_38' title='bbox 883 668 1058 725; x_wconf 88' lang='lat' dir='ltr'>Adsentior:</span> 
     </span>
     <span class='ocr_line' id='line_1_6' title="bbox 116 760 1060 842; baseline 0 -19"><span class='ocrx_word' id='word_1_39' title='bbox 116 767 177 824; x_wconf 90' lang='lat' dir='ltr'>fieri</span> <span class='ocrx_word' id='word_1_40' title='bbox 199 785 260 824; x_wconf 90' lang='lat' dir='ltr'>non</span> <span class='ocrx_word' id='word_1_41' title='bbox 281 767 375 842; x_wconf 92' lang='lat' dir='ltr'>potuit</span> <span class='ocrx_word' id='word_1_42' title='bbox 401 765 490 822; x_wconf 90' lang='lat' dir='ltr'>aliter.</span> <span class='ocrx_word' id='word_1_43' title='bbox 533 764 610 823; x_wconf 91' lang='lat' dir='ltr'>Nam</span> <span class='ocrx_word' id='word_1_44' title='bbox 632 783 705 840; x_wconf 89' lang='lat' dir='ltr'>quas</span> <span class='ocrx_word' id='word_1_45' title='bbox 726 760 905 822; x_wconf 58' lang='lat' dir='ltr'>multo&#39;ante</span> <span class='ocrx_word' id='word_1_46' title='bbox 926 776 990 823; x_wconf 89' lang='lat' dir='ltr'>tuas</span> <span class='ocrx_word' id='word_1_47' title='bbox 1012 783 1060 823; x_wconf 89' lang='lat' dir='ltr'>ac-</span> 
     </span>
     <span class='ocr_line' id='line_1_7' title="bbox 117 863 1059 939; baseline 0 -18"><span class='ocrx_word' id='word_1_48' title='bbox 117 883 252 939; x_wconf 86' lang='lat' dir='ltr'>ceperam</span> <span class='ocrx_word' id='word_1_49' title='bbox 266 864 381 932; x_wconf 84' lang='lat' dir='ltr'>litteras,</span> <span class='ocrx_word' id='word_1_50' title='bbox 396 863 425 919; x_wconf 91' lang='lat' dir='ltr'>in</span> <span class='ocrx_word' id='word_1_51' title='bbox 440 863 545 938; x_wconf 92' lang='lat' dir='ltr'>quibus</span> <span class='ocrx_word' id='word_1_52' title='bbox 559 863 660 933; x_wconf 78' lang='grc' dir='ltr'>ἐπέχειν</span> <span class='ocrx_word' id='word_1_53' title='bbox 676 872 704 919; x_wconf 93' lang='lat' dir='ltr'>te</span> <span class='ocrx_word' id='word_1_54' title='bbox 719 863 882 938; x_wconf 72' lang='lat' dir='ltr'>scripseras</span> <span class='ocrx_word' id='word_1_55' title='bbox 899 863 968 937; x_wconf 93' lang='lat' dir='ltr'>quid</span> <span class='ocrx_word' id='word_1_56' title='bbox 983 873 1059 921; x_wconf 89' lang='lat' dir='ltr'>esset</span> 
     </span>
     <span class='ocr_line' id='line_1_8' title="bbox 116 943 1134 1035; baseline 0.001 -17"><span class='ocrx_word' id='word_1_57' title='bbox 116 961 186 1018; x_wconf 92' lang='lat' dir='ltr'>mihi</span> <span class='ocrx_word' id='word_1_58' title='bbox 200 960 365 1017; x_wconf 89' lang='lat' dir='ltr'>faciendum</span> <span class='ocrx_word' id='word_1_59' title='bbox 379 959 415 1017; x_wconf 92' lang='lat' dir='ltr'>de</span> <span class='ocrx_word' id='word_1_60' title='bbox 429 943 626 1033; x_wconf 91' lang='lat' dir='ltr'>relinquend0,</span> <span class='ocrx_word' id='word_1_61' title='bbox 642 977 694 1016; x_wconf 90' lang='lat' dir='ltr'>eae</span> <span class='ocrx_word' id='word_1_62' title='bbox 711 977 758 1016; x_wconf 90' lang='lat' dir='ltr'>me</span> <span class='ocrx_word' id='word_1_63' title='bbox 773 962 960 1035; x_wconf 80' lang='lat' dir='ltr'>pungebant3</span> <span class='ocrx_word' id='word_1_64' title='bbox 982 961 1059 1019; x_wconf 90' lang='lat' dir='ltr'>vide·</span> <span class='ocrx_word' id='word_1_65' title='bbox 1130 998 1134 1004; x_wconf 97' lang='lat'>-</span> 
     </span>
     <span class='ocr_line' id='line_1_9' title="bbox 116 1057 1059 1134; baseline -0.001 -17"><span class='ocrx_word' id='word_1_66' title='bbox 116 1061 186 1117; x_wconf 89' lang='lat' dir='ltr'>bam</span> <span class='ocrx_word' id='word_1_67' title='bbox 201 1059 286 1128; x_wconf 92' lang='lat' dir='ltr'>enim,</span> <span class='ocrx_word' id='word_1_68' title='bbox 303 1077 378 1134; x_wconf 91' lang='lat' dir='ltr'>quae</span> <span class='ocrx_word' id='word_1_69' title='bbox 392 1057 442 1114; x_wconf 90' lang='lat' dir='ltr'>tibi</span> <span class='ocrx_word' id='word_1_70' title='bbox 456 1066 552 1114; x_wconf 92' lang='lat' dir='ltr'>essent</span> <span class='ocrx_word' id='word_1_71' title='bbox 566 1058 661 1128; x_wconf 68' lang='grc' dir='ltr'>ἐποχῆς</span> <span class='ocrx_word' id='word_1_72' title='bbox 674 1075 786 1126; x_wconf 87' lang='lat' dir='ltr'>causae,</span> <span class='ocrx_word' id='word_1_73' title='bbox 802 1067 830 1114; x_wconf 91' lang='lat' dir='ltr'>et</span> <span class='ocrx_word' id='word_1_74' title='bbox 844 1068 925 1116; x_wconf 87' lang='lat' dir='ltr'>erant</span> <span class='ocrx_word' id='word_1_75' title='bbox 938 1058 1059 1116; x_wconf 90' lang='lat' dir='ltr'>eaedem</span> 
     </span>
     <span class='ocr_line' id='line_1_10' title="bbox 117 1155 1057 1233; baseline -0.001 -17"><span class='ocrx_word' id='word_1_76' title='bbox 117 1161 205 1216; x_wconf 87' lang='lat' dir='ltr'>mihi:</span> <span class='ocrx_word' id='word_1_77' title='bbox 228 1176 319 1233; x_wconf 89' lang='lat' dir='ltr'>puero</span> <span class='ocrx_word' id='word_1_78' title='bbox 333 1157 464 1215; x_wconf 82' lang='lat' dir='ltr'>tradere?</span> <span class='ocrx_word' id='word_1_79' title='bbox 486 1156 564 1214; x_wconf 85' lang='lat' dir='ltr'>fratri</span> <span class='ocrx_word' id='word_1_80' title='bbox 578 1157 694 1213; x_wconf 80' lang='lat' dir='ltr'>autem?</span> <span class='ocrx_word' id='word_1_81' title='bbox 716 1155 785 1214; x_wconf 93' lang='lat' dir='ltr'>illud</span> <span class='ocrx_word' id='word_1_82' title='bbox 799 1174 861 1213; x_wconf 92' lang='lat' dir='ltr'>non</span> <span class='ocrx_word' id='word_1_83' title='bbox 875 1157 942 1213; x_wconf 90' lang='lat' dir='ltr'>utile</span> <span class='ocrx_word' id='word_1_84' title='bbox 956 1158 1042 1215; x_wconf 90' lang='lat' dir='ltr'>nobis</span> <span class='ocrx_word' id='word_1_85' title='bbox 1049 1177 1057 1228; x_wconf 96' lang='lat'>;</span> 
     </span>
     <span class='ocr_line' id='line_1_11' title="bbox 117 1254 1060 1331; baseline -0.002 -17"><span class='ocrx_word' id='word_1_86' title='bbox 117 1276 186 1314; x_wconf 87' lang='lat' dir='ltr'>nam</span> <span class='ocrx_word' id='word_1_87' title='bbox 211 1266 324 1331; x_wconf 90' lang='lat' dir='ltr'>praeter</span> <span class='ocrx_word' id='word_1_88' title='bbox 346 1254 461 1311; x_wconf 86' lang='lat' dir='ltr'>fratrem</span> <span class='ocrx_word' id='word_1_89' title='bbox 488 1272 575 1311; x_wconf 92' lang='lat' dir='ltr'>nemo</span> <span class='ocrx_word' id='word_1_90' title='bbox 599 1263 667 1324; x_wconf 88' lang='lat' dir='ltr'>erat,</span> <span class='ocrx_word' id='word_1_91' title='bbox 690 1271 778 1329; x_wconf 92' lang='lat' dir='ltr'>quem</span> <span class='ocrx_word' id='word_1_92' title='bbox 801 1255 862 1331; x_wconf 88' lang='lat' dir='ltr'>sine</span> <span class='ocrx_word' id='word_1_93' title='bbox 885 1255 1060 1313; x_wconf 87' lang='lat' dir='ltr'>contumelia</span> 
     </span>
     <span class='ocr_line' id='line_1_12' title="bbox 118 1349 1058 1431; baseline -0.002 -20"><span class='ocrx_word' id='word_1_94' title='bbox 118 1354 272 1431; x_wconf 87' lang='lat' dir='ltr'>quaestori,</span> <span class='ocrx_word' id='word_1_95' title='bbox 287 1352 376 1409; x_wconf 92' lang='lat' dir='ltr'>nobili</span> <span class='ocrx_word' id='word_1_96' title='bbox 390 1352 565 1425; x_wconf 88' lang='lat' dir='ltr'>praesertim,</span> <span class='ocrx_word' id='word_1_97' title='bbox 577 1350 757 1409; x_wconf 86' lang='lat' dir='ltr'>anteferrem.</span> <span class='ocrx_word' id='word_1_98' title='bbox 785 1349 909 1422; x_wconf 88' lang='lat' dir='ltr'>Tamen,</span> <span class='ocrx_word' id='word_1_99' title='bbox 921 1351 990 1408; x_wconf 88' lang='lat' dir='ltr'>dum</span> <span class='ocrx_word' id='word_1_100' title='bbox 1005 1354 1058 1409; x_wconf 92' lang='lat' dir='ltr'>im-</span> 
     </span>
     <span class='ocr_line' id='line_1_13' title="bbox 118 1448 1059 1528; baseline 0.001 -20"><span class='ocrx_word' id='word_1_101' title='bbox 118 1451 246 1528; x_wconf 91' lang='lat' dir='ltr'>pendere</span> <span class='ocrx_word' id='word_1_102' title='bbox 267 1449 364 1507; x_wconf 88' lang='lat' dir='ltr'>Parthi</span> <span class='ocrx_word' id='word_1_103' title='bbox 385 1449 562 1520; x_wconf 87' lang='lat' dir='ltr'>videbantur,</span> <span class='ocrx_word' id='word_1_104' title='bbox 584 1458 739 1506; x_wconf 90' lang='lat' dir='ltr'>statueram</span> <span class='ocrx_word' id='word_1_105' title='bbox 761 1448 878 1506; x_wconf 86' lang='lat' dir='ltr'>fratrem</span> <span class='ocrx_word' id='word_1_106' title='bbox 899 1449 1059 1524; x_wconf 91' lang='lat' dir='ltr'>relinquere</span> 
     </span>
     <span class='ocr_line' id='line_1_14' title="bbox 119 1548 1059 1623; baseline 0 -17"><span class='ocrx_word' id='word_1_107' title='bbox 119 1559 168 1606; x_wconf 88' lang='lat' dir='ltr'>aut</span> <span class='ocrx_word' id='word_1_108' title='bbox 190 1551 276 1606; x_wconf 89' lang='lat' dir='ltr'>etiarn</span> <span class='ocrx_word' id='word_1_109' title='bbox 297 1549 337 1605; x_wconf 93' lang='lat' dir='ltr'>rei</span> <span class='ocrx_word' id='word_1_110' title='bbox 359 1548 491 1623; x_wconf 89' lang='lat' dir='ltr'>publicae</span> <span class='ocrx_word' id='word_1_111' title='bbox 516 1565 604 1605; x_wconf 90' lang='lat' dir='ltr'>causa</span> <span class='ocrx_word' id='word_1_112' title='bbox 631 1556 732 1605; x_wconf 88' lang='lat' dir='ltr'>contra</span> <span class='ocrx_word' id='word_1_113' title='bbox 757 1556 873 1604; x_wconf 91' lang='lat' dir='ltr'>senatus</span> <span class='ocrx_word' id='word_1_114' title='bbox 895 1548 1059 1606; x_wconf 91' lang='lat' dir='ltr'>consultum</span> 
     </span>
     <span class='ocr_line' id='line_1_15' title="bbox 119 1643 1059 1723; baseline 0.002 -21"><span class='ocrx_word' id='word_1_115' title='bbox 119 1649 181 1723; x_wconf 93' lang='lat' dir='ltr'>ipse</span> <span class='ocrx_word' id='word_1_116' title='bbox 203 1665 358 1717; x_wconf 88' lang='lat' dir='ltr'>remanere,</span> <span class='ocrx_word' id='word_1_117' title='bbox 382 1647 431 1721; x_wconf 95' lang='lat' dir='ltr'>qui</span> <span class='ocrx_word' id='word_1_118' title='bbox 452 1655 644 1720; x_wconf 88' lang='lat' dir='ltr'>posteaquam</span> <span class='ocrx_word' id='word_1_119' title='bbox 665 1644 823 1702; x_wconf 87' lang='lat' dir='ltr'>incredibili</span> <span class='ocrx_word' id='word_1_120' title='bbox 847 1643 978 1703; x_wconf 86' lang='lat' dir='ltr'>felicitate</span> <span class='ocrx_word' id='word_1_121' title='bbox 1003 1648 1059 1704; x_wconf 94' lang='lat' dir='ltr'>dis-</span> 
     </span>
     <span class='ocr_line' id='line_1_16' title="bbox 119 1741 1058 1814; baseline 0.001 -11"><span class='ocrx_word' id='word_1_122' title='bbox 119 1755 273 1814; x_wconf 89' lang='lat' dir='ltr'>cesserunt,</span> <span class='ocrx_word' id='word_1_123' title='bbox 303 1745 414 1802; x_wconf 85' lang='lat' dir='ltr'>sublata</span> <span class='ocrx_word' id='word_1_124' title='bbox 441 1743 580 1800; x_wconf 87' lang='lat' dir='ltr'>dubitatio</span> <span class='ocrx_word' id='word_1_125' title='bbox 609 1752 660 1800; x_wconf 90' lang='lat' dir='ltr'>est.</span> <span class='ocrx_word' id='word_1_126' title='bbox 712 1741 858 1799; x_wconf 91' lang='lat' dir='ltr'>Videbam</span> <span class='ocrx_word' id='word_1_127' title='bbox 887 1760 1058 1804; x_wconf 90' lang='lat' dir='ltr'>sermones:</span> 
     </span>
     <span class='ocr_line' id='line_1_17' title="bbox 120 1839 1059 1916; baseline -0.002 -16"><span class='ocrx_word' id='word_1_128' title='bbox 120 1842 198 1912; x_wconf 84' lang='lat' dir='ltr'>‘hui,</span> <span class='ocrx_word' id='word_1_129' title='bbox 212 1843 327 1899; x_wconf 85' lang='lat' dir='ltr'>fratrem</span> <span class='ocrx_word' id='word_1_130' title='bbox 341 1841 467 1916; x_wconf 90' lang='lat' dir='ltr'>reliquit!</span> <span class='ocrx_word' id='word_1_131' title='bbox 489 1859 559 1897; x_wconf 91' lang='lat' dir='ltr'>num</span> <span class='ocrx_word' id='word_1_132' title='bbox 580 1850 624 1898; x_wconf 92' lang='lat' dir='ltr'>est</span> <span class='ocrx_word' id='word_1_133' title='bbox 645 1839 702 1897; x_wconf 91' lang='lat' dir='ltr'>hoe</span> <span class='ocrx_word' id='word_1_134' title='bbox 716 1857 778 1896; x_wconf 89' lang='lat' dir='ltr'>non</span> <span class='ocrx_word' id='word_1_135' title='bbox 792 1839 856 1914; x_wconf 93' lang='lat' dir='ltr'>plus</span> <span class='ocrx_word' id='word_1_136' title='bbox 877 1858 986 1898; x_wconf 88' lang='lat' dir='ltr'>annum</span> <span class='ocrx_word' id='word_1_137' title='bbox 1007 1843 1059 1898; x_wconf 93' lang='lat' dir='ltr'>ob·</span> 
     </span>
     <span class='ocr_line' id='line_1_18' title="bbox 120 1937 1058 2014; baseline -0.003 -15"><span class='ocrx_word' id='word_1_138' title='bbox 120 1944 209 2000; x_wconf 91' lang='lat' dir='ltr'>tinere</span> <span class='ocrx_word' id='word_1_139' title='bbox 229 1940 427 2014; x_wconf 83' lang='lat' dir='ltr'>provinciam?</span> <span class='ocrx_word' id='word_1_140' title='bbox 449 1938 527 2014; x_wconf 92' lang='lat' dir='ltr'>quid,</span> <span class='ocrx_word' id='word_1_141' title='bbox 552 1937 632 2013; x_wconf 95' lang='lat' dir='ltr'>quod</span> <span class='ocrx_word' id='word_1_142' title='bbox 655 1948 771 1995; x_wconf 89' lang='lat' dir='ltr'>senatus</span> <span class='ocrx_word' id='word_1_143' title='bbox 790 1955 841 1995; x_wconf 90' lang='lat' dir='ltr'>eos</span> <span class='ocrx_word' id='word_1_144' title='bbox 863 1938 953 1995; x_wconf 90' lang='lat' dir='ltr'>voluit</span> <span class='ocrx_word' id='word_1_145' title='bbox 976 1958 1058 2014; x_wconf 91' lang='lat' dir='ltr'>prae-</span> 
     </span>
     <span class='ocr_line' id='line_1_19' title="bbox 120 2022 1057 2113; baseline -0.005 -15"><span class='ocrx_word' id='word_1_146' title='bbox 120 2058 183 2098; x_wconf 93' lang='lat' dir='ltr'>esse</span> <span class='ocrx_word' id='word_1_147' title='bbox 204 2038 367 2113; x_wconf 91' lang='lat' dir='ltr'>provinciis,</span> <span class='ocrx_word' id='word_1_148' title='bbox 386 2022 517 2112; x_wconf 86' lang='lat' dir='ltr'>quinon</span> <span class='ocrx_word' id='word_1_149' title='bbox 538 2035 748 2112; x_wconf 85' lang='lat' dir='ltr'>praefuissent?</span> <span class='ocrx_word' id='word_1_150' title='bbox 770 2044 800 2093; x_wconf 92' lang='lat' dir='ltr'>at</span> <span class='ocrx_word' id='word_1_151' title='bbox 819 2034 866 2093; x_wconf 93' lang='lat' dir='ltr'>hic</span> <span class='ocrx_word' id='word_1_152' title='bbox 887 2036 1057 2094; x_wconf 69' lang='lat' dir='ltr'>triennium.²</span> 
     </span>
     <span class='ocr_line' id='line_1_20' title="bbox 122 2132 1059 2210; baseline -0.002 -17"><span class='ocrx_word' id='word_1_153' title='bbox 122 2157 149 2209; x_wconf 82' lang='lat'>4.</span> <span class='ocrx_word' id='word_1_154' title='bbox 171 2137 252 2210; x_wconf 84' lang='lat' dir='ltr'>Ergo</span> <span class='ocrx_word' id='word_1_155' title='bbox 273 2135 344 2193; x_wconf 89' lang='lat' dir='ltr'>haec</span> <span class='ocrx_word' id='word_1_156' title='bbox 365 2134 403 2192; x_wconf 90' lang='lat' dir='ltr'>ad</span> <span class='ocrx_word' id='word_1_157' title='bbox 424 2134 574 2209; x_wconf 90' lang='lat' dir='ltr'>populum.</span> <span class='ocrx_word' id='word_1_158' title='bbox 616 2132 704 2204; x_wconf 88' lang='lat' dir='ltr'>Quid,</span> <span class='ocrx_word' id='word_1_159' title='bbox 725 2151 800 2207; x_wconf 90' lang='lat' dir='ltr'>quae</span> <span class='ocrx_word' id='word_1_160' title='bbox 821 2133 936 2191; x_wconf 87' lang='lat' dir='ltr'>tecum?</span> <span class='ocrx_word' id='word_1_161' title='bbox 968 2133 1059 2191; x_wconf 90' lang='lat' dir='ltr'>Num-</span> 
     </span>
     <span class='ocr_line' id='line_1_21' title="bbox 123 2230 1061 2311; baseline -0.002 -19"><span class='ocrx_word' id='word_1_162' title='bbox 123 2253 210 2311; x_wconf 89' lang='lat' dir='ltr'>quam</span> <span class='ocrx_word' id='word_1_163' title='bbox 225 2251 319 2291; x_wconf 92' lang='lat' dir='ltr'>essem</span> <span class='ocrx_word' id='word_1_164' title='bbox 335 2232 397 2288; x_wconf 93' lang='lat' dir='ltr'>sine</span> <span class='ocrx_word' id='word_1_165' title='bbox 412 2249 489 2302; x_wconf 91' lang='lat' dir='ltr'>cura,</span> <span class='ocrx_word' id='word_1_166' title='bbox 504 2231 528 2288; x_wconf 94' lang='lat' dir='ltr'>si</span> <span class='ocrx_word' id='word_1_167' title='bbox 546 2231 617 2306; x_wconf 93' lang='lat' dir='ltr'>quid</span> <span class='ocrx_word' id='word_1_168' title='bbox 631 2230 795 2288; x_wconf 87' lang='lat' dir='ltr'>iracundius</span> <span class='ocrx_word' id='word_1_169' title='bbox 810 2239 859 2288; x_wconf 92' lang='lat' dir='ltr'>aut</span> <span class='ocrx_word' id='word_1_170' title='bbox 872 2233 1061 2290; x_wconf 90' lang='lat' dir='ltr'>contumelio·</span> 
     </span>
     <span class='ocr_line' id='line_1_22' title="bbox 124 2327 1062 2405; baseline -0.002 -16"><span class='ocrx_word' id='word_1_171' title='bbox 124 2335 181 2389; x_wconf 93' lang='lat' dir='ltr'>sius</span> <span class='ocrx_word' id='word_1_172' title='bbox 203 2341 251 2388; x_wconf 91' lang='lat' dir='ltr'>aut</span> <span class='ocrx_word' id='word_1_173' title='bbox 272 2328 478 2405; x_wconf 85' lang='lat' dir='ltr'>neglegentius,</span> <span class='ocrx_word' id='word_1_174' title='bbox 494 2346 567 2404; x_wconf 90' lang='lat' dir='ltr'>quae</span> <span class='ocrx_word' id='word_1_175' title='bbox 582 2327 635 2385; x_wconf 84' lang='lat' dir='ltr'>fert</span> <span class='ocrx_word' id='word_1_176' title='bbox 656 2329 712 2386; x_wconf 89' lang='lat' dir='ltr'>vita</span> <span class='ocrx_word' id='word_1_177' title='bbox 733 2327 893 2386; x_wconf 90' lang='lat' dir='ltr'>hominum.</span> <span class='ocrx_word' id='word_1_178' title='bbox 935 2327 1022 2400; x_wconf 90' lang='lat' dir='ltr'>Quid,</span> <span class='ocrx_word' id='word_1_179' title='bbox 1038 2330 1062 2387; x_wconf 91' lang='lat' dir='ltr'>si</span> 
     </span>
     <span class='ocr_line' id='line_1_23' title="bbox 123 2425 1062 2505; baseline -0.001 -19"><span class='ocrx_word' id='word_1_180' title='bbox 123 2429 191 2505; x_wconf 91' lang='lat' dir='ltr'>quid</span> <span class='ocrx_word' id='word_1_181' title='bbox 206 2428 279 2484; x_wconf 91' lang='lat' dir='ltr'>filius</span> <span class='ocrx_word' id='word_1_182' title='bbox 293 2445 365 2502; x_wconf 92' lang='lat' dir='ltr'>puer</span> <span class='ocrx_word' id='word_1_183' title='bbox 380 2436 409 2485; x_wconf 94' lang='lat' dir='ltr'>et</span> <span class='ocrx_word' id='word_1_184' title='bbox 422 2444 494 2500; x_wconf 91' lang='lat' dir='ltr'>puer</span> <span class='ocrx_word' id='word_1_185' title='bbox 515 2426 590 2483; x_wconf 90' lang='lat' dir='ltr'>bene</span> <span class='ocrx_word' id='word_1_186' title='bbox 605 2426 659 2483; x_wconf 91' lang='lat' dir='ltr'>sibi</span> <span class='ocrx_word' id='word_1_187' title='bbox 670 2425 782 2484; x_wconf 81' lang='lat' dir='ltr'>fidens?</span> <span class='ocrx_word' id='word_1_188' title='bbox 804 2428 853 2502; x_wconf 92' lang='lat' dir='ltr'>qui</span> <span class='ocrx_word' id='word_1_189' title='bbox 867 2428 1062 2486; x_wconf 83' lang='lat' dir='ltr'>essetdolor?</span> 
     </span>
     <span class='ocr_line' id='line_1_24' title="bbox 123 2523 1062 2602; baseline -0.002 -18"><span class='ocrx_word' id='word_1_190' title='bbox 123 2545 211 2602; x_wconf 90' lang='lat' dir='ltr'>quem</span> <span class='ocrx_word' id='word_1_191' title='bbox 238 2536 319 2601; x_wconf 87' lang='lat' dir='ltr'>pater</span> <span class='ocrx_word' id='word_1_192' title='bbox 346 2542 407 2581; x_wconf 89' lang='lat' dir='ltr'>non</span> <span class='ocrx_word' id='word_1_193' title='bbox 435 2523 595 2582; x_wconf 87' lang='lat' dir='ltr'>dimittebat</span> <span class='ocrx_word' id='word_1_194' title='bbox 622 2533 708 2600; x_wconf 90' lang='lat' dir='ltr'>teque</span> <span class='ocrx_word' id='word_1_195' title='bbox 739 2524 769 2582; x_wconf 94' lang='lat' dir='ltr'>id</span> <span class='ocrx_word' id='word_1_196' title='bbox 796 2543 914 2584; x_wconf 91' lang='lat' dir='ltr'>censere</span> <span class='ocrx_word' id='word_1_197' title='bbox 941 2525 1062 2584; x_wconf 90' lang='lat' dir='ltr'>moleste</span> 
     </span>
     <span class='ocr_line' id='line_1_25' title="bbox 124 2620 1061 2699; baseline -0.003 -17"><span class='ocrx_word' id='word_1_198' title='bbox 124 2626 240 2682; x_wconf 84' lang='lat' dir='ltr'>ferebat.</span> <span class='ocrx_word' id='word_1_199' title='bbox 281 2623 321 2678; x_wconf 89' lang='lat' dir='ltr'>At</span> <span class='ocrx_word' id='word_1_200' title='bbox 339 2639 417 2677; x_wconf 92' lang='lat' dir='ltr'>nunc</span> <span class='ocrx_word' id='word_1_201' title='bbox 432 2620 556 2690; x_wconf 89' lang='lat' dir='ltr'>Caelius,</span> <span class='ocrx_word' id='word_1_202' title='bbox 571 2639 632 2678; x_wconf 90' lang='lat' dir='ltr'>non</span> <span class='ocrx_word' id='word_1_203' title='bbox 651 2622 717 2680; x_wconf 90' lang='lat' dir='ltr'>dico</span> <span class='ocrx_word' id='word_1_204' title='bbox 732 2624 867 2699; x_wconf 90' lang='lat' dir='ltr'>equidem</span> <span class='ocrx_word' id='word_1_205' title='bbox 881 2623 951 2699; x_wconf 91' lang='lat' dir='ltr'>quid</span> <span class='ocrx_word' id='word_1_206' title='bbox 965 2625 1061 2697; x_wconf 88' lang='lat' dir='ltr'>egerit,</span> 
     </span>
     <span class='ocr_line' id='line_1_26' title="bbox 124 2718 1062 2795; baseline -0.002 -14"><span class='ocrx_word' id='word_1_207' title='bbox 124 2723 176 2781; x_wconf 90' lang='lat' dir='ltr'>sed</span> <span class='ocrx_word' id='word_1_208' title='bbox 190 2733 287 2778; x_wconf 82' lang='lat' dir='ltr'>tamen</span> <span class='ocrx_word' id='word_1_209' title='bbox 302 2719 392 2775; x_wconf 91' lang='lat' dir='ltr'>multo</span> <span class='ocrx_word' id='word_1_210' title='bbox 411 2719 507 2776; x_wconf 89' lang='lat' dir='ltr'>minus</span> <span class='ocrx_word' id='word_1_211' title='bbox 526 2718 635 2777; x_wconf 92' lang='lat' dir='ltr'>laboro.</span> <span class='ocrx_word' id='word_1_212' title='bbox 677 2720 761 2778; x_wconf 88' lang='lat' dir='ltr'>Adde</span> <span class='ocrx_word' id='word_1_213' title='bbox 776 2720 863 2778; x_wconf 86' lang='lat' dir='ltr'>illud:</span> <span class='ocrx_word' id='word_1_214' title='bbox 898 2720 1062 2795; x_wconf 80' lang='lat' dir='ltr'>PompeiuS,</span> 
     </span>
     <span class='ocr_line' id='line_1_27' title="bbox 124 2814 1062 2893; baseline -0.001 -17"><span class='ocrx_word' id='word_1_215' title='bbox 124 2836 160 2876; x_wconf 92' lang='lat' dir='ltr'>eo</span> <span class='ocrx_word' id='word_1_216' title='bbox 174 2818 278 2874; x_wconf 90' lang='lat' dir='ltr'>robore</span> <span class='ocrx_word' id='word_1_217' title='bbox 293 2817 341 2885; x_wconf 90' lang='lat' dir='ltr'>vir,</span> <span class='ocrx_word' id='word_1_218' title='bbox 357 2815 390 2872; x_wconf 93' lang='lat' dir='ltr'>iis</span> <span class='ocrx_word' id='word_1_219' title='bbox 405 2816 557 2885; x_wconf 87' lang='lat' dir='ltr'>radicibus,</span> <span class='ocrx_word' id='word_1_220' title='bbox 573 2814 613 2887; x_wconf 91' lang='lat' dir='ltr'>Q.</span> <span class='ocrx_word' id='word_1_221' title='bbox 628 2814 762 2874; x_wconf 92' lang='lat' dir='ltr'>Cassium</span> <span class='ocrx_word' id='word_1_222' title='bbox 781 2819 843 2875; x_wconf 92' lang='lat' dir='ltr'>sine</span> <span class='ocrx_word' id='word_1_223' title='bbox 858 2829 934 2876; x_wconf 88' lang='lat' dir='ltr'>sorte</span> <span class='ocrx_word' id='word_1_224' title='bbox 948 2817 1062 2893; x_wconf 87' lang='lat' dir='ltr'>delegit,</span> 
     </span>
     <span class='ocr_line' id='line_1_28' title="bbox 125 2913 1063 2988; baseline 0 -15"><span class='ocrx_word' id='word_1_225' title='bbox 125 2915 232 2973; x_wconf 87' lang='lat' dir='ltr'>Caesar</span> <span class='ocrx_word' id='word_1_226' title='bbox 246 2913 424 2985; x_wconf 90' lang='lat' dir='ltr'>Antonium;</span> <span class='ocrx_word' id='word_1_227' title='bbox 447 2931 502 2988; x_wconf 84' lang='lat' dir='ltr'>ego</span> <span class='ocrx_word' id='word_1_228' title='bbox 518 2922 595 2971; x_wconf 92' lang='lat' dir='ltr'>sorte</span> <span class='ocrx_word' id='word_1_229' title='bbox 610 2914 708 2971; x_wconf 91' lang='lat' dir='ltr'>datum</span> <span class='ocrx_word' id='word_1_230' title='bbox 728 2915 914 2987; x_wconf 86' lang='lat' dir='ltr'>offenderem,</span> <span class='ocrx_word' id='word_1_231' title='bbox 929 2926 961 2974; x_wconf 90' lang='lat' dir='ltr'>ut</span> <span class='ocrx_word' id='word_1_232' title='bbox 975 2916 1063 2974; x_wconf 90' lang='lat' dir='ltr'>etiam</span> 
     </span>
     <span class='ocr_line' id='line_1_29' title="bbox 123 3010 1064 3087; baseline 0.003 -18"><span class='ocrx_word' id='word_1_233' title='bbox 123 3013 279 3087; x_wconf 90' lang='lat' dir='ltr'>inquireret</span> <span class='ocrx_word' id='word_1_234' title='bbox 305 3010 335 3066; x_wconf 93' lang='lat' dir='ltr'>in</span> <span class='ocrx_word' id='word_1_235' title='bbox 360 3027 434 3081; x_wconf 88' lang='lat' dir='ltr'>eum,</span> <span class='ocrx_word' id='word_1_236' title='bbox 459 3028 546 3086; x_wconf 90' lang='lat' dir='ltr'>quern</span> <span class='ocrx_word' id='word_1_237' title='bbox 574 3011 771 3087; x_wconf 82' lang='lat' dir='ltr'>reliquissem?</span> <span class='ocrx_word' id='word_1_238' title='bbox 808 3012 877 3071; x_wconf 92' lang='lat' dir='ltr'>Hoc</span> <span class='ocrx_word' id='word_1_239' title='bbox 901 3014 1013 3084; x_wconf 90' lang='lat' dir='ltr'>melius,</span> <span class='ocrx_word' id='word_1_240' title='bbox 1036 3027 1064 3072; x_wconf 91' lang='lat' dir='ltr'>et</span> 
     </span>
     <span class='ocr_line' id='line_1_30' title="bbox 123 3109 1063 3185; baseline 0.002 -20"><span class='ocrx_word' id='word_1_241' title='bbox 123 3110 207 3166; x_wconf 90' lang='lat' dir='ltr'>huius</span> <span class='ocrx_word' id='word_1_242' title='bbox 231 3109 271 3166; x_wconf 90' lang='lat' dir='ltr'>rei</span> <span class='ocrx_word' id='word_1_243' title='bbox 294 3109 376 3183; x_wconf 87' lang='lat' dir='ltr'>plura</span> <span class='ocrx_word' id='word_1_244' title='bbox 396 3109 536 3183; x_wconf 82' lang='lat' dir='ltr'>exempla,</span> <span class='ocrx_word' id='word_1_245' title='bbox 559 3110 698 3167; x_wconf 90' lang='lat' dir='ltr'>senectuti</span> <span class='ocrx_word' id='word_1_246' title='bbox 720 3111 839 3185; x_wconf 90' lang='lat' dir='ltr'>quidem</span> <span class='ocrx_word' id='word_1_247' title='bbox 859 3122 975 3168; x_wconf 88' lang='lat' dir='ltr'>nostrae</span> <span class='ocrx_word' id='word_1_248' title='bbox 997 3129 1063 3185; x_wconf 91' lang='lat' dir='ltr'>pro·</span> 
     </span>
     <span class='ocr_line' id='line_1_31' title="bbox 124 3206 1063 3284; baseline 0.003 -21"><span class='ocrx_word' id='word_1_249' title='bbox 124 3207 200 3263; x_wconf 85' lang='lat' dir='ltr'>secto</span> <span class='ocrx_word' id='word_1_250' title='bbox 215 3207 316 3281; x_wconf 89' lang='lat' dir='ltr'>aptius.</span> <span class='ocrx_word' id='word_1_251' title='bbox 359 3206 399 3263; x_wconf 83' lang='lat' dir='ltr'>At</span> <span class='ocrx_word' id='word_1_252' title='bbox 417 3216 445 3264; x_wconf 89' lang='lat' dir='ltr'>te</span> <span class='ocrx_word' id='word_1_253' title='bbox 461 3207 538 3281; x_wconf 89' lang='lat' dir='ltr'>apud</span> <span class='ocrx_word' id='word_1_254' title='bbox 553 3225 628 3278; x_wconf 90' lang='lat' dir='ltr'>eum,</span> <span class='ocrx_word' id='word_1_255' title='bbox 645 3208 673 3266; x_wconf 94' lang='lat' dir='ltr'>di</span> <span class='ocrx_word' id='word_1_256' title='bbox 694 3209 780 3266; x_wconf 89' lang='lat' dir='ltr'>bonil</span> <span class='ocrx_word' id='word_1_257' title='bbox 802 3220 910 3284; x_wconf 91' lang='lat' dir='ltr'>quanta</span> <span class='ocrx_word' id='word_1_258' title='bbox 928 3209 958 3265; x_wconf 93' lang='lat' dir='ltr'>in</span> <span class='ocrx_word' id='word_1_259' title='bbox 972 3210 1063 3284; x_wconf 88' lang='lat' dir='ltr'>gratia</span> 
     </span>
     <span class='ocr_line' id='line_1_32' title="bbox 124 3299 1064 3380; baseline 0.002 -20"><span class='ocrx_word' id='word_1_260' title='bbox 124 3305 218 3380; x_wconf 90' lang='lat' dir='ltr'>posui,</span> <span class='ocrx_word' id='word_1_261' title='bbox 233 3305 316 3379; x_wconf 92' lang='lat' dir='ltr'>eique</span> <span class='ocrx_word' id='word_1_262' title='bbox 331 3303 386 3378; x_wconf 86' lang='lat' dir='ltr'>legi</span> <span class='ocrx_word' id='word_1_263' title='bbox 400 3303 507 3362; x_wconf 86' lang='lat' dir='ltr'>litteras</span> <span class='ocrx_word' id='word_1_264' title='bbox 527 3323 587 3362; x_wconf 91' lang='lat' dir='ltr'>non</span> <span class='ocrx_word' id='word_1_265' title='bbox 608 3317 680 3374; x_wconf 88' lang='lat' dir='ltr'>tuas,</span> <span class='ocrx_word' id='word_1_266' title='bbox 696 3307 747 3363; x_wconf 93' lang='lat' dir='ltr'>sed</span> <span class='ocrx_word' id='word_1_267' title='bbox 768 3307 872 3364; x_wconf 91' lang='lat' dir='ltr'>librarii</span> <span class='ocrx_word' id='word_1_268' title='bbox 891 3307 939 3364; x_wconf 88' lang='lat' dir='ltr'>tui.</span> <span class='ocrx_word' id='word_1_269' title='bbox 982 3299 1064 3363; x_wconf 68' lang='lat' dir='ltr'>brni-</span> 
     </span>
     <span class='ocr_line' id='line_1_33' title="bbox 124 3402 1065 3480; baseline 0.002 -17"><span class='ocrx_word' id='word_1_270' title='bbox 124 3421 226 3464; x_wconf 89' lang='lat' dir='ltr'>corum</span> <span class='ocrx_word' id='word_1_271' title='bbox 247 3402 355 3460; x_wconf 89' lang='lat' dir='ltr'>litterae</span> <span class='ocrx_word' id='word_1_272' title='bbox 375 3420 422 3460; x_wconf 90' lang='lat' dir='ltr'>me</span> <span class='ocrx_word' id='word_1_273' title='bbox 435 3402 472 3460; x_wconf 90' lang='lat' dir='ltr'>ad</span> <span class='ocrx_word' id='word_1_274' title='bbox 491 3404 669 3480; x_wconf 90' lang='lat' dir='ltr'>triumphum</span> <span class='ocrx_word' id='word_1_275' title='bbox 687 3416 801 3478; x_wconf 89' lang='lat' dir='ltr'>vocant,</span> <span class='ocrx_word' id='word_1_276' title='bbox 816 3423 877 3462; x_wconf 90' lang='lat' dir='ltr'>rem</span> <span class='ocrx_word' id='word_1_277' title='bbox 892 3425 909 3463; x_wconf 90' lang='lat' dir='ltr'>a</span> <span class='ocrx_word' id='word_1_278' title='bbox 925 3406 1017 3477; x_wconf 89' lang='lat' dir='ltr'>nobis,</span> <span class='ocrx_word' id='word_1_279' title='bbox 1033 3417 1065 3465; x_wconf 84' lang='lat' dir='ltr'>ut</span> 
     </span>
    </p>
   </div>
   <div class='ocr_carea' id='block_1_3' title="bbox 0 0 1191 3810">
    <p class='ocr_par' dir='ltr' id='par_1_3' title="bbox 0 0 1191 3810">
     <span class='ocr_line' id='line_1_34' title="bbox 0 0 1191 3810; baseline 0 0"><span class='ocrx_word' id='word_1_280' title='bbox 0 0 1191 3810; x_wconf 95' lang='lat' dir='ltr'> </span> 
     </span>
    </p>
   </div>
  </div>
 </body>
</html>
