2356 3810
116 220 158 291 50
306 288 308 293 k
386 220 425 272 nt.
451 221 571 272 aaran
592 222 777 274 croanoum
949 211 1020 296 [aaa
1035 227 1056 277 r.

116 378 215 438 sinos
239 387 351 456 premet
375 379 477 439 eadem
502 381 624 453 fortuna,
650 382 720 458 quid
742 399 834 459 puero
858 381 966 440 misero
986 381 1056 441 fiet?

115 474 186 534 Non
206 495 281 553 queo
303 477 412 555 reliqua
433 479 676 538 scribere-tanta
696 480 738 538 vis
759 480 940 538 lacrimarum
961 489 1055 550 est-,

114 591 209 649 neque
224 585 253 633 te
274 577 304 634 in
325 577 451 634 eundem
472 576 572 635 fletum
593 577 745 636 adducam.
787 576 917 635 Tantum
938 578 1055 636 scribo:

115 671 139 728 si
166 684 250 732 erunt
278 675 308 731 in
335 672 430 731 officio
454 674 547 745 amici,
570 674 694 749 pecunia
721 692 781 733 non
806 674 915 746 deerit;
944 675 969 733 si
993 693 1055 733 non

111 777 205 838 erunt,
228 780 259 828 tu
287 769 397 827 efficere
421 779 471 827 tua
492 772 618 846 pecunia
639 788 700 829 non
725 771 842 848 poteris.
885 772 941 830 Per
963 772 1053 830 fortu-

114 887 168 927 nas
183 868 303 927 miseras
317 877 441 938 nostras,
455 868 528 939 vide,
542 886 581 926 ne
595 887 717 945 puerum
731 869 873 951 perditum
887 863 1054 945 perdamus.

115 964 170 1025 Cui
185 966 208 1023 si
222 964 330 1040 aliquid
343 966 404 1035 erit,
417 983 455 1023 ne
475 975 566 1041 egeat,
582 965 721 1024 mediocri
737 936 842 1024 viit'ut'e
861 955 936 1042 opus
958 977 1004 1026 est
1024 978 1055 1026 et

114 1063 253 1121 mediocri
274 1061 398 1134 fortuna,
413 1071 445 1120 ut
465 1072 559 1120 cetera
580 1072 780 1138 consequatur.
824 1064 851 1120 6.
879 1063 939 1122 Fac
960 1064 1056 1124 valeas

114 1172 143 1219 et
157 1161 255 1218 adme
270 1159 433 1218 tabellarios
454 1159 559 1230 mittas,
573 1168 605 1216 ut
628 1159 726 1230 sciam,
742 1160 811 1235 quid
832 1170 933 1236 agatur
952 1171 982 1220 et
1002 1180 1056 1220 vos

115 1258 185 1334 quid
208 1258 307 1332 agatis.
358 1255 431 1313 Mihi
459 1255 579 1313 omnino
605 1255 663 1313 iam
684 1256 778 1313 brevis
799 1258 977 1332 exspectatio
1002 1252 1055 1318 est.

115 1353 257 1412 Tulliolae
278 1363 308 1412 et
328 1353 463 1412 Ciceroni
484 1352 604 1410 salutem
626 1353 681 1432 dic.
721 1352 832 1412 Valete.
872 1353 911 1412 D.
926 1373 953 1414 a.
968 1356 995 1414 d
1012 1374 1054 1414 vr.

115 1450 153 1510 K.
168 1452 308 1510 Decemb.
349 1448 529 1524 Dyrrhachii.
549 1450 593 1510 715
627 1472 646 1508 ι,
684 1478 708 1512 r,

156 1563 183 1623 7.
210 1547 419 1622 Dyrrhachium
440 1546 513 1618 veni,
528 1546 609 1623 quod
630 1557 658 1604 et
678 1548 767 1606 libera
788 1547 887 1607 civitas
908 1558 952 1608 est
973 1560 1003 1608 et
1024 1551 1054 1608 in

115 1666 162 1705 me
176 1647 306 1705 officiosa
326 1655 356 1703 et
374 1645 506 1720 proxima
520 1644 639 1717 Italiae3
662 1645 713 1703 sed
734 1647 759 1703 si
779 1645 909 1704 offendet
929 1664 978 1706 me
998 1647 1056 1706 loci

116 1745 275 1814 celebritas,
290 1743 345 1801 alio
360 1760 408 1800 me
422 1741 579 1813 conferam,
595 1742 632 1799 ad
646 1752 674 1800 te
689 1743 821 1802 scribam.

334 1926 379 1981 19.
420 1920 479 2015 ᾼΙ).
499 1920 690 2009 ATTICUM
712 1923 765 1981 III.
792 1942 837 1998 ²3·

117 2029 181 2091 Son.
196 2030 384 2088 Drnnrmcnn
403 2003 677 2087 tribullianum
696 2028 874 2088 Ducanarrs
888 2048 973 2091 auc.
986 2032 1053 2106 696.

252 2207 256 2218 Δ
273 2185 288 2219 μ
337 2173 398 2231 „4
432 2156 534 2197 cronno
554 2155 660 2197 nrrtco
680 2155 741 2196 sar.

159 2263 184 2303 1.
209 2243 245 2302 A.
258 2206 287 2302 h.
303 2263 329 2302 v.
344 2243 410 2302 Kal.
428 2242 585 2341 pecembr.
605 2253 663 2301 tres
687 2241 823 2318 epistolas
844 2262 861 2302 a
884 2252 913 2302 te
937 2246 1055 2321 accepi:

115 2360 204 2400 unam
222 2342 318 2400 datam
337 2360 362 2399 a.
377 2341 406 2399 d.
421 2304 483 2400 ihi.
497 2315 563 2398 tlh.
578 2341 767 2410 Novembres,
789 2341 820 2398 in
841 2359 899 2415 qua
918 2359 967 2400 me
988 2343 1056 2402 hor-

115 2439 191 2509 taris,
205 2448 237 2495 ut
250 2438 316 2497 forti
329 2439 426 2496 animo
440 2456 572 2496 mensem
586 2438 752 2496 Ianuarium
767 2448 941 2513 exspectem,
952 2457 1056 2516 eaque,

116 2553 190 2612 quae
217 2535 255 2592 ad
283 2553 366 2610 spem
393 2544 476 2610 putas
504 2535 655 2610 pertinere,
685 2535 720 2592 de
749 2534 863 2592 Lentuli
891 2536 1006 2609 studio,
1019 2538 1056 2596 de

117 2632 225 2691 Metelli
239 2633 392 2702 voluntate,
407 2632 443 2689 de
458 2641 518 2690 tota
532 2630 663 2707 Pompeii
680 2633 799 2702 ratione,
814 2633 976 2707 perscribis.
1019 2635 1056 2692 In

117 2731 203 2788 altera
227 2729 348 2805 epistola
375 2738 487 2804 praeter
515 2728 753 2786 consuetudinem
781 2739 860 2788 tuam
888 2731 965 2790 diem
993 2749 1054 2791 non

116 2828 261 2897 adscribis,
277 2827 329 2884 sed
343 2827 411 2884 satis
431 2825 578 2901 significas
597 2836 728 2901 tempus;
750 2827 814 2903 lege
833 2829 911 2886 enim
930 2830 968 2886 ab
986 2841 1055 2890 octo

117 2925 236 2984 tn'bunis
250 2925 287 2999 pl.
301 2924 482 3000 promulgata
502 2925 601 2983 scribis
620 2935 648 2982 te
668 2943 717 2982 eas
738 2926 843 2983 litteras
865 2944 901 2984 eo
923 2927 987 3002 ipso
1009 2928 1056 2988 die

118 3023 240 3092 dedisse,
259 3021 289 3079 id
309 3031 352 3079 est
372 3040 397 3079 a.
413 3021 506 3079 d.n11.
526 2986 555 3078 ld
574 3023 590 3079 l
612 3021 804 3091 Novembres,
823 3033 859 3094 et,
880 3024 950 3100 quid
971 3035 1055 3100 putes

117 3120 243 3178 utilitatis
260 3137 325 3177 eam
339 3119 601 3194 promulgationem
615 3121 751 3189 attulisse,
768 3121 885 3178 scribis:
907 3121 938 3178 in
953 3141 1012 3199 quo
1032 3125 1056 3182 si

117 3218 174 3275 iam
189 3217 260 3275 haec
274 3227 373 3274 nostra
390 3217 465 3275 salus
485 3236 551 3276 curn
570 3218 625 3276 hac
643 3218 706 3292 lege
726 3216 878 3292 desperata
897 3220 958 3288 erit,
969 3221 1056 3295 velim

116 3333 170 3392 pro
193 3324 243 3372 tuo
265 3315 296 3372 in
319 3333 367 3372 me
391 3334 489 3374 amore
514 3317 589 3374 hanc
613 3317 728 3373 inanem
753 3334 849 3372 meam
877 3297 1056 3390 diligentiam

117 3411 308 3470 miserabilem
328 3413 424 3490 potius
445 3432 532 3490 quam
554 3415 680 3490 ineptam
702 3423 794 3491 putes,
816 3413 861 3471 sin
881 3426 926 3472 est
946 3413 1055 3492 aliquid
