2356 3810
183 224 226 307 36
464 238 502 284 M.
526 236 646 285 runnu
667 236 857 284 crcaaonrs
1032 222 1098 306 [ran
1109 239 1126 285 1.

185 396 316 472 potuisse
336 395 410 453 dici:
432 395 458 453 ei
477 405 505 452 te
524 394 580 452 hoc
600 395 723 453 scribere
742 413 760 452 a
781 413 828 452 me
849 394 900 452 tibi
920 412 985 453 esse
1006 395 1127 452 missum

188 511 257 549 sane
273 492 348 550 volo.
393 511 420 548 2.
444 491 503 549 Sed
518 492 587 567 quid
602 503 632 549 tu
647 493 774 549 scribas?
789 510 876 567 quem
891 492 948 549 iam
963 509 1020 568 ego
1031 493 1127 550 venire

186 598 272 664 atque
297 588 401 646 adesse
425 589 562 661 arbitror;
585 589 625 647 ita
645 590 723 647 enim
745 589 791 665 egi
813 598 909 647 tecum
931 589 1127 663 superioribus

186 687 293 744 litteris.
336 686 430 745 Valde
459 698 487 745 te
515 696 661 762 exspecto,
683 686 765 743 valde
790 686 931 755 desidero,
953 704 1049 761 neque
1072 700 1130 760 ego·

186 784 289 858 magis,
304 803 392 860 quam
406 784 469 860 ipsa
482 802 529 842 res
544 794 573 842 et
590 794 704 859 tempus
724 785 827 859 poscit.
870 783 926 841 His
946 784 982 841 de
1002 784 1127 858 negotiis

188 882 257 957 quid
279 883 405 940 scribam
425 883 462 940 ad
483 892 520 951 te,
542 882 597 939 nisi
618 881 704 951 idem,
726 882 807 955 quod
832 882 938 957 saepe?
960 883 1128 957 republica

187 980 258 1037 nihil
270 980 455 1056 desperatius,
467 981 508 1051 iis,
519 997 643 1054 quorum
654 997 751 1054 opera,
761 979 830 1036 nihil
840 981 948 1037 maiore
959 979 1029 1038 odio
1043 1000 1049 1036 :
1064 998 1126 1048 nos,

186 1088 217 1134 ut
238 1077 338 1153 opinio
360 1086 389 1135 et
413 1095 480 1152 spes
506 1086 534 1135 et
559 1077 724 1134 coniectura
748 1086 846 1134 nostra
873 1075 935 1147 fert,
963 1076 1128 1135 firmissima

186 1174 387 1232 benevolentia
408 1174 560 1232 hominum
584 1173 687 1230 muniti
710 1191 818 1232 sumus.
860 1173 982 1244 Quare
1006 1175 1126 1233 advola:

151 1315 152 1318 ,
187 1282 235 1329 aut
249 1271 388 1346 expedies
404 1289 459 1329 nos
474 1271 555 1329 omni
569 1270 700 1329 molestia
718 1281 767 1328 aut
786 1271 841 1328 eris
860 1272 1012 1347 particeps.
1056 1272 1127 1330 Ideo

188 1387 253 1426 sum
267 1369 388 1438 brevior,
398 1369 487 1443 quod,
499 1379 530 1426 ut
544 1387 638 1444 sper0,
651 1386 750 1426 coram
764 1369 843 1426 brevi
853 1379 985 1446 tempore
996 1369 1127 1429 conferre

188 1484 262 1542 quae
278 1466 411 1524 volumus
425 1466 530 1524 licebit.
573 1451 695 1524 Curaut
708 1466 812 1524 valeas

318 1648 362 1708 15.
404 1635 461 1692 AD
483 1634 683 1706 QUINTUM
704 1635 905 1693 FRATREM
927 1636 950 1695 l.
967 1654 994 1697 2.

380 1740 445 1800 Seu.
467 1759 561 1800 nausa
582 1739 749 1812 Novariam,
771 1761 853 1801 nuc.
876 1744 944 1817 695.

466 1866 582 1907 unricus
602 1865 711 1915 oumro
732 1867 846 1906 rancun

235 1972 258 2012 1.
287 1953 413 2013 STATIUS
434 1954 471 2012 ad
488 1954 627 2011 mevenit
645 1972 671 2012 a.
687 1954 789 2012 dvm.
806 1954 844 2012 K.
859 1954 1017 2016 Novembr.
1059 1957 1130 2015 Eius

191 2053 339 2124 adventus,
354 2052 434 2128 quod
448 2053 487 2109 ita
504 2052 650 2127 scripsisti,
666 2052 808 2128 direptum
823 2053 856 2109 iri
870 2063 898 2110 te
912 2071 929 2110 a
943 2055 1006 2124 tuis,
1022 2056 1130 2113 dumis

192 2153 313 2221 abesset,
332 2150 471 2208 molestus
489 2149 560 2206 mihi
579 2149 647 2221 fuit3
670 2150 750 2225 quod
768 2160 865 2207 autem
884 2154 1130 2227 exspectationem

192 2250 236 2307 sui
259 2265 491 2324 concursumque
504 2264 590 2317 eum,
612 2246 662 2322 qui
686 2255 747 2304 erat
770 2245 889 2317 futurus
912 2249 935 2305 si
956 2266 1015 2305 una
1035 2259 1130 2308 tecum

193 2347 346 2404 decederet
367 2363 461 2421 neque
483 2354 568 2402 antea
588 2344 664 2402 visus
685 2354 769 2415 esset,
789 2345 908 2415 sustulit,
928 2345 957 2403 id
978 2347 1049 2404 mihi
1069 2366 1131 2406 non

191 2443 382 2501 incommode
409 2443 502 2500 visum
531 2451 574 2499 est
602 2441 770 2502 accidisse:
793 2441 949 2508 exhaustus
981 2455 1026 2502 est
1053 2445 1131 2502 enim

192 2555 289 2596 sermo
303 2522 457 2596 hominum
473 2546 501 2595 et
514 2537 620 2605 multae
640 2537 768 2629 emissae
771 2537 850 2594 iam.
857 2539 918 2596 eius
936 2541 1018 2598 modi
1035 2558 1130 2614 voces,

191 2639 249 2691 ἀλλ
272 2634 327 2692 αἰεί
342 2659 398 2691 τινα
418 2631 494 2705 φῶτα
513 2637 603 2709 μέγαν
620 2626 694 2710 quae'
710 2630 746 2692 te
737 2609 889 2692 absente
912 2635 1046 2696 confecta
1068 2657 1131 2697 esse

191 2736 307 2794 laetor..
335 2753 360 2792 2
381 2732 471 2804 Quod
484 2743 581 2792 autem
595 2732 702 2791 idcirco
716 2742 775 2790 ate
789 2733 895 2790 missus
909 2745 960 2804 est,
971 2735 1042 2793 mihi
1056 2747 1087 2795 ut
1102 2757 1132 2796 se

193 2843 337 2910 purgaret,
348 2833 378 2891 id
392 2850 513 2890 necesse
527 2832 646 2889 minime
660 2830 728 2888 fuit:
743 2832 868 2907 primum
883 2833 960 2889 enim
973 2852 1132 2911 numquam

192 2931 238 2988 ille
252 2930 322 2987 mihi
338 2928 390 2987 fuit
406 2940 566 3005 suspectuS,
578 2947 672 3005 neque
683 2946 748 3004 ego,
762 2947 836 3005 quae
848 2929 885 2986 ad
896 2939 924 2988 te
935 2930 972 2988 de
984 2931 1033 2989 illo
1045 2933 1132 3009 scrip-

194 3029 226 3096 si,
241 3027 343 3102 scripsi
364 3044 430 3084 meo
453 3026 566 3096 iudici0,
589 3026 640 3084 sed
661 3045 728 3084 curn
750 3026 822 3083 ratio
845 3026 979 3103 salusque
1000 3030 1132 3087 omnium

193 3136 332 3195 nostrum,
347 3124 396 3198 qui
420 3124 457 3181 ad
481 3143 542 3182 rem
567 3123 713 3200 publicam
737 3123 909 3193 accedimus
931 3143 992 3183 non
1017 3127 1133 3185 veritate

192 3223 294 3293 solum,
311 3224 362 3282 sed
380 3224 466 3281 etiam
485 3222 562 3280 fama
581 3223 725 3292 niteretur,
741 3240 890 3281 sermones
909 3224 947 3282 ad
964 3234 992 3282 te
1011 3223 1134 3283 aliorum

195 3340 317 3397 semper,
338 3338 399 3378 non
424 3339 490 3378 mea
511 3321 616 3378 iudicia
639 3319 810 3396 perscripsi;
832 3321 882 3395 qui
906 3321 1023 3396 quidem
1045 3340 1134 3398 quam

193 3419 358 3497 frequentes
387 3428 484 3477 essent
505 3430 533 3478 et
556 3436 644 3495 quam
667 3436 777 3494 graves,
802 3419 926 3478 adventu
950 3437 1004 3479 suo
1028 3419 1134 3480 Statius
