2356 3810
297 242 299 246 -
391 216 431 269 Μ.
455 215 576 267 rurrrr
596 217 834 267 orornours·
932 199 1002 287 [rae
1019 217 1051 266 u.

347 522 778 583 25.ADATT1CUM11.V
801 535 828 595 5.

211 637 278 701 Scit.
299 656 330 697 ru
350 639 478 696 Aurmrr
498 656 525 696 v
547 638 616 696 Inus
636 628 761 695 Anninus
781 655 863 695 nuc.
886 637 954 710 698.

400 815 403 822 Ι
431 762 532 803 crosno
553 762 657 802 sirico
678 762 738 802 sm.

162 879 187 920 r.
208 862 267 919 Am
293 860 345 918 tu?
358 932 361 946 .
374 877 412 916 an
433 876 480 916 me
501 859 647 916 existimas
667 859 704 915 ab
724 856 783 914 ullo
804 857 890 914 malle
909 874 977 914 mea
996 855 1056 930 legi

118 958 291 1032 probarique
310 974 398 1031 quarn
412 974 430 1013 a
443 956 494 1012 tei
534 955 594 1014 Cur
614 956 698 1030 igitur
716 955 851 1030 cuiquam
871 955 939 1012 misi
956 955 1055 1028 prius?

118 1054 251 1130 Urgebar
266 1055 302 1111 ab
317 1071 362 1122 eo,
383 1053 420 1110 ad
434 1071 521 1128 quern
535 1053 608 1121 misi,
623 1063 651 1110 et
664 1069 724 1110 non
738 1052 881 1110 habebam
899 1052 1055 1126 exemplar.

119 1152 220 1222 Quid?
245 1150 484 1209 etiam-dudum
505 1151 582 1207 enirn
602 1151 792 1221 circumrodo,
814 1149 913 1261 quoda
915 1149 1056 1237 devorem

119 1250 189 1307 dum
216 1258 306 1307 est—
316 1247 510 1325 subturpicula
537 1245 606 1304 mibi
633 1247 781 1305 videbatur
811 1265 875 1305 esse
889 1215 1098 1321 reddendis*

120 1347 178 1405 Sed
199 1347 310 1404 valeant
329 1354 414 1413 recta,
432 1361 506 1412 vera,
524 1343 646 1402 honesta
664 1344 801 1400 consilia:
823 1361 883 1401 non
905 1353 949 1401 est
966 1342 1057 1400 credi·

120 1444 184 1513 bile,
200 1461 274 1518 quae
297 1443 333 1499 sit
351 1440 471 1516 perfidia
491 1441 520 1498 in
541 1441 602 1498 istis
619 1440 806 1517 principibus,
823 1450 855 1498 ut
875 1440 975 1497 volunt
992 1458 1056 1498 esse

122 1552 150 1600 et
176 1551 209 1598 ut
236 1549 341 1608 essent,
370 1539 394 1595 si
421 1538 576 1613 quicquam
603 1536 741 1596 haberent
768 1537 843 1596 fidei.
894 1536 1061 1608 Senseram,

122 1656 224 1696 noram
251 1636 395 1705 inductus
418 1635 543 1705 relictus,
563 1636 709 1710 proiectus
732 1636 769 1692 ab·
793 1636 826 1692 iis
837 1654 849 1707 3
874 1644 975 1692 tamen
1000 1635 1060 1693 boc

121 1755 201 1795 eram
216 1736 321 1802 animo,
336 1743 369 1790 ut
385 1751 451 1791 cum
470 1733 504 1790 iis
522 1728 552 1788 in
566 1737 596 1790 r'e
610 1733 725 1807 publica
739 1733 951 1790 consentirem:
970 1733 1061 1790 iidem

122 1843 210 1904 erant,
235 1834 283 1908 qui
311 1833 431 1889 fuerant.
472 1831 530 1888 Vix
558 1831 713 1906 aliquando
741 1841 770 1889 te
797 1842 916 1888 auctore
942 1833 1062 1907 resipui.

125 1952 151 1990 2.
172 1927 260 1989 Dices
283 1949 317 1988 ea
343 1938 428 1987 tenus
452 1937 480 1986 te
502 1929 633 1998 suasisse,
655 1946 712 2004 qua
737 1928 872 1998 iacerem,
892 1946 953 1985 non
972 1931 1062 1986 etiam-

123 2040 155 2088 ut
175 2030 338 2087 scriberem.
380 2025 446 2102 Ego
473 2026 636 2084 mehercule
660 2024 730 2082 mihi
754 2027 957 2084 necessitatem
984 2027 1064 2084 volui·

123 2129 272 2203 imponere
289 2125 373 2183 huius
392 2142 484 2183 novae
504 2124 723 2193 coniunctionis,
739 2142 776 2182 ne
798 2142 856 2199 qua
873 2125 947 2181 mihi
963 2125 1063 2183 liceret

21 2224 24 2230 ’
124 2225 181 2282 labi
204 2225 242 2282 ad
268 2223 341 2293 illos,
362 2223 411 2298 qui
432 2223 518 2280 etiam
539 2233 609 2292 tum,
631 2239 698 2279 curn
719 2222 845 2280 misereri
866 2223 924 2280 mei
945 2223 1061 2292 debent,

125 2340 186 2380 non
210 2322 346 2379 desinunt
371 2320 506 2379 invidere.
548 2318 610 2377 sed.
627 2329 724 2377 tamen
744 2320 852 2377 modici
872 2319 979 2379 fuimus
1000 2323 1067 2377 bem·

126 2421 205 2490 θέσει,
233 2429 265 2477 ut
291 2419 408 2494 scripsi:
440 2418 548 2475 erimus
573 2417 727 2488 uberiores,
761 2418 785 2475 si
812 2427 841 2476 et
868 2417 914 2476 ille
942 2418 1063 2476 libenter

126 2504 247 2591 accipiet
263 2527 291 2574 et
309 2516 329 2572 ii
346 2515 558 2590 subringentur,
576 2515 625 2591 qui
643 2515 738 2573 villam
758 2533 806 2573 me
827 2515 950 2574 moleste
969 2516 1066 2576 serunt·

126 2613 240 2683 babere,
272 2630 347 2689 quae
375 2610 469 2669 Catuli
496 2610 594 2682 fueret,
624 2629 642 2670 a
668 2611 766 2669 Vettio
794 2629 842 2670 me
869 2613 974 2671 emisse
1002 2633 1063 2672 non

127 2710 273 2785 cogitant;
302 2710 350 2785 qui
371 2709 491 2767 domum
512 2719 620 2784 negant
647 2710 807 2784 oportuisse
828 2728 875 2768 me
903 2712 1065 2783 aedificare,

128 2808 251 2865 vendere
276 2808 355 2864 aiunt
376 2806 547 2882 oportuisse.
590 2800 648 2863 Sed
670 2805 739 2881 quid
759 2806 797 2864 ad
819 2806 884 2876 hoc,
905 2807 937 2877 si,
960 2804 1068 2883 quibus

129 2891 276 2962 sententiis
298 2904 356 2962 dixi
378 2903 457 2978 quod
478 2912 507 2960 et
525 2903 579 2978 ipsi
598 2904 763 2978 probarent,
777 2902 872 2960 laetati
887 2914 953 2961 sunt
967 2915 1069 2963 tamen

129 3019 177 3058 me
208 3010 309 3058 contra
341 2995 472 3074 Pompeii
500 3000 676 3058 voluntatem
704 2999 830 3057 dixisse?
871 2999 958 3059 Finis.
1008 3001 1070 3060 Sed

130 3098 277 3174 quoniam,
299 3097 348 3172 qui
369 3097 439 3154 nihil
459 3107 589 3172 possunt,
609 3098 628 3154 ii
649 3117 696 3155 me
717 3098 819 3155 nolunt
838 3115 943 3168 amare,
963 3098 1070 3157 demto

130 3213 249 3272 operam
277 3205 308 3253 ut
336 3195 373 3254 ab
401 3197 443 3265 iis,
477 3197 526 3270 qui
555 3205 687 3271 possunt,
703 3193 705 3197 ⁴
719 3196 878 3270 diligamur.
926 3215 953 3271 3.
979 3197 1070 3271 Dices

135 3294 254 3350 ‘vellem
282 3293 338 3349 iam
366 3292 494 3367 pridem?
537 3293 603 3351 Scio
624 3303 652 3351 te
672 3292 796 3351 voluisse
823 3302 852 3350 et
879 3311 926 3351 me
954 3295 1068 3352 asinum

134 3408 306 3465 germanum
321 3389 416 3449 fuisse.
458 3389 516 3449 Sed
537 3391 594 3448 iarn
614 3399 726 3466 tempus
746 3401 789 3449 est
805 3408 852 3449 me
873 3392 969 3468 ipsum
988 3409 1070 3451 eme
