2356 3810
115 260 163 325 rp.
182 272 203 322 ι,
221 242 258 332 a]
348 246 462 309 arrsr.
484 257 535 306 Ab
556 257 720 309 Arrrcun
738 247 769 310 1.'
781 263 812 310 2.
1040 265 1061 331 3
1106 295 1109 300 .

111 410 182 468 usui
210 410 240 467 in
263 408 369 467 nostris
397 409 592 484 petitionibus.
635 430 663 483 4.
685 410 763 470 Sane
790 428 856 471 sum
877 405 1060 488 perturbatus

113 524 186 564 cum
205 506 295 581 ipsius
307 505 409 581 'Satyri
428 506 626 578 familiaritate,
641 517 703 566 tum
720 507 850 580 Domitii,
870 508 901 565 in
921 525 982 583 quo
1001 524 1061 564 uno

112 605 243 663 maxime
264 604 383 662 ambitio
400 616 500 663 nostra
517 605 623 664 nititur.
664 605 872 664 Demonstravi
891 605 964 664 haec
985 604 1061 664 Cae·

113 702 184 760 cilio
192 720 203 772 ;1
222 701 307 759 simul
331 711 360 760 et
384 701 454 761 illud
474 703 598 774 ostendi,
618 702 642 760 si
662 703 726 778 ipse
746 721 822 762 unus
843 721 912 762 cum
931 703 981 761 illo
1002 720 1062 760 uno

112 799 313 870 contenderet,
328 816 376 857 me
396 800 423 858 ei
443 800 511 858 satis
532 799 673 858 facturum
694 799 801 872 fuisse;
821 818 901 858 nunc
921 800 953 857 in
973 817 1061 858 causa

113 897 314 954 universorum
337 897 520 966 creditorum,
544 895 697 955 hominum
720 889 890 973 praesertim
917 897 1061 972 amplissi·
1090 961 1092 965 .

113 1011 241 1065 morum,
266 996 315 1071 qui
338 996 400 1053 sine
422 1013 467 1066 eo,
491 1013 579 1072 quem
604 994 749 1054 Caecilius
769 1013 823 1055 suo
851 996 971 1053 nomine
994 1015 1060 1071 per·

113 1091 236 1162 biberet,
261 1091 344 1150 facile
371 1109 490 1150 causam
517 1110 705 1151 communem
729 1092 911 1163 sustinerent,
933 1111 1060 1168 aequum

115 1207 271 1248 esse-eum
292 1199 321 1248 et
341 1190 436 1249 officio
460 1207 529 1247 meo
554 1190 705 1249 consulere
725 1200 755 1248 et
777 1190 911 1266 tempori.
952 1190 1060 1250 Durius

114 1288 248 1364 accipere
272 1287 328 1345 hoc
355 1287 427 1346 mihi
445 1288 523 1346 visus
544 1297 588 1346 est
612 1305 700 1363 quam
722 1287 826 1346 vellem
846 1297 875 1346 et
896 1304 985 1364 quam
1005 1289 1060 1346 ho·

114 1386 211 1443 mines
230 1384 297 1443 belli
317 1380 419 1456 solent,
441 1393 470 1442 et
490 1393 594 1460 postea
614 1402 733 1461 prorsus
754 1385 792 1442 ab
811 1385 940 1444 instituta
960 1397 1059 1444 nostra

113 1499 277 1558 paucorum
288 1481 399 1539 dierum
412 1482 622 1540 consuetudine
632 1481 720 1558 longe
733 1481 855 1559 refugit:
876 1484 967 1542 abste
980 1495 1058 1558 pet0,

114 1589 148 1637 ut
173 1579 243 1637 mihi
266 1579 323 1636 hoc
347 1580 482 1654 ignoscas
505 1589 534 1637 et
555 1598 603 1637 me
625 1580 771 1638 existimes
794 1580 973 1638 humanitate
995 1597 1060 1638 esse

114 1675 301 1753 prohibitum,
317 1697 349 1734 ne
364 1684 461 1734 contra
481 1677 567 1735 amici
583 1695 728 1736 summam
747 1678 988 1736 existimationem
1007 1678 1059 1734 mi·

112 1774 238 1834 serrimo
257 1775 318 1832 eius
335 1783 466 1849 tempore
486 1774 621 1846 venirem,
641 1793 709 1833 curn
730 1775 755 1834 is
776 1777 876 1834 omnia
893 1794 946 1834 sua
965 1775 1060 1833 studia

115 1882 148 1929 et
168 1871 263 1929 officia
282 1872 312 1928 in
332 1889 380 1928 me
400 1871 574 1930 contulisset
617 1871 708 1943 Quod
729 1874 754 1932 si
773 1873 853 1932 voles
874 1875 904 1931 in
928 1891 975 1930 me
996 1891 1060 1930 esse

115 1969 224 2038 durior,
245 1968 433 2027 ambitionem
457 1970 573 2044 putabis
595 1970 666 2026 mihi
690 1971 852 2043 obstitisse;
881 1989 937 2046 ego
962 1981 1060 2029 autem

114 2065 247 2136 arbitror,
270 2066 403 2124 etiamsi
430 2066 461 2123 id
487 2067 532 2138 sit,
556 2067 628 2124 mihi
657 2068 869 2143 ignoscendum
897 2086 977 2127 esse:
1005 2070 1061 2124 ἐπεὶ

114 2169 167 2237 οὐχ
188 2165 281 2238 ἱερήϊον
300 2167 357 2220 οὐδὲ
378 2166 472 2235 βοείην.
512 2163 604 2223 Vides
624 2167 712 2237 enim,
730 2168 760 2224 in
781 2185 841 2242 quo
862 2185 949 2226 cursu
969 2166 1059 2225 simus

114 2275 146 2322 et
174 2280 263 2337 quam
290 2256 392 2320 om'nes
416 2262 525 2338 gratias
552 2280 613 2320 non
641 2264 732 2322 modo
759 2265 932 2335 retinendas,
959 2281 1061 2322 verum

112 2361 205 2419 etiam
225 2360 415 2435 acquirendas
429 2370 572 2435 putemus.
616 2359 708 2436 Spero
723 2362 773 2420 tibi
793 2381 841 2420 me
856 2380 974 2420 causam
990 2381 1059 2438 pro-

114 2458 210 2527 basse,
239 2457 326 2531 cupio
349 2456 469 2530 quidem
497 2466 582 2514 certe.
625 2474 652 2530 5.
674 2457 873 2517 Hermathena
900 2469 950 2517 tua
976 2459 1059 2517 valde

113 2572 165 2614 me
187 2553 310 2611 delectat
330 2565 358 2612 et
374 2554 469 2629 posita
489 2555 529 2611 ita
549 2555 623 2613 belle
644 2565 696 2626 est,
716 2565 749 2613 ut
765 2565 859 2614 totum
875 2557 1059 2632 gymnasium

111 2653 180 2712 eius
192 2654 305 2724 ἀνάθημα
318 2671 382 2712 esse
396 2653 532 2712 videatur.
574 2652 700 2711 Multum
714 2664 742 2712 te
756 2672 896 2714 amamus

375 2788 402 2890 a.
444 2831 501 2889 nn
523 2831 722 2922 arrrcmu
749 2833 772 2890 1.
790 2853 817 2893 2.

394 2936 460 2997 Sca.
481 2937 591 2997 Rounu
612 2957 693 2998 nuc.
718 2942 786 3014 689.

432 3060 533 3104 CICERO
554 3063 660 3105 ATTICO
681 3063 743 3103 SAL.

157 3169 185 3210 1.
207 3149 242 3208 L.
256 3149 330 3208 Iulio
346 3149 472 3208 Caesare
488 3149 522 3210 C.
537 3150 651 3209 Marcio
666 3151 769 3226 Figulo
787 3153 954 3214 consulibus
968 3154 1057 3214 filiolo

111 3265 162 3306 me
186 3258 302 3306 auctum
323 3249 395 3306 scito
420 3248 498 3306 salva
518 3247 663 3307 Terentia.
706 3249 769 3308 Abs
790 3260 898 3308 tetam
919 3253 967 3310 diu
988 3253 1058 3312 nihil

111 3345 289 3404 litterarum?
312 3362 370 3419 ego
391 3345 427 3402 de
455 3345 527 3403 meis
549 3346 586 3404 ad
607 3356 635 3404 te
662 3347 820 3406 rationibus
842 3349 942 3424 scripsi
970 3359 1057 3408 antea

111 3443 274 3519 diligenter.
337 3440 406 3501 Hoc
451 3451 580 3518 tempore
629 3442 792 3516 Catilinam,
835 3447 1056 3524 competitorem

563 3559 612 3600 aa
