2356 3810
116 215 179 274 2¹4
394 210 434 260 ru.
456 211 576 258 rurru
595 212 786 261 cronnonrs
938 199 1058 285 [anniv.

115 370 165 417 aut
182 360 301 419 victoria
321 359 455 421 detractis
475 363 574 421 civitas
595 363 783 438 respiraverit,
798 371 828 421 et
847 363 990 438 dignitate
1011 373 1061 422 tua

115 457 169 514 frui
182 458 233 515 tibi
252 467 280 516 et
300 457 420 516 fortunis
439 460 556 532 licebit;
578 460 623 517 sin
640 460 762 517 omnino
783 459 943 520 interierint
961 463 1062 518 omnia

115 553 255 631 fueritque
269 557 293 614 is
307 557 408 626 exitus,
424 575 512 632 quem
526 559 567 614 vir
580 557 829 633 prudentissimus,
841 557 884 616 M.
899 558 1061 630 Antonius,

116 654 174 710 iam
194 663 256 711 tum
276 654 404 725 timebat,
418 674 486 713 cum
505 665 619 713 tantum
639 657 748 713 instare
768 655 912 714 malorum
933 659 1062 733 suspica·

69 820 78 834 α
107 748 206 821 hatur,
227 752 333 810 misera
357 763 401 811 est
423 753 472 810 illa
494 754 612 829 quidem
633 753 805 823 consolatio,
819 753 869 812 tali
888 755 1061 830 praesertim

116 850 169 906 civi
191 858 219 906 et
240 850 309 918 viro,
331 850 384 908 sed
407 862 506 909 tamen
529 851 700 920 necessaria,
723 850 794 909 nihil
816 869 881 909 esse
903 853 1062 928 praecipue

116 947 251 1022 cuiquam
278 947 436 1006 dolendum
464 950 494 1006 in
521 967 568 1018 eo,
589 948 671 1024 quod
697 949 810 1007 accidat
837 949 989 1008 universis.
1033 969 1060 1024 3⁴

117 1043 201 1114 Quae
215 1045 257 1102 vis
278 1045 344 1103 insit
362 1047 392 1103 in
411 1046 456 1104 his
475 1046 574 1122 paucis
591 1044 811 1119 verbis-plura
828 1046 909 1102 enim
928 1047 1061 1104 commit·

116 1142 204 1200 tenda
230 1143 369 1218 epistolae
396 1162 458 1201 non
485 1152 617 1213 erant-,
645 1143 669 1200 si
702 1142 843 1213 attendes,
872 1143 955 1218 quod
983 1143 1061 1215 facis,

116 1241 247 1315 profecto
276 1243 362 1300 etiam
390 1243 452 1301 sine
480 1243 552 1300 meis
579 1242 679 1324 litteris
709 1241 858 1317 intelleges
891 1253 924 1300 te·
955 1243 1062 1320 aliquid

116 1337 231 1410 habere,
245 1339 326 1416 quod
350 1359 457 1416 speres,
472 1340 550 1410 nihil,
565 1339 645 1415 quod
668 1349 718 1397 aut
740 1338 798 1397 hoc
823 1349 873 1398 aut
897 1340 1000 1417 aliquo
1023 1343 1062 1401 rei

116 1437 248 1512 publicae
262 1448 338 1496 statu
351 1439 469 1510 timeas3
491 1439 591 1497 omnia
609 1437 634 1495 si
653 1437 820 1508 interierint,
835 1455 904 1496 eum
926 1443 1063 1516 supersti-

117 1545 176 1593 tem
194 1546 222 1592 te
243 1553 308 1594 esse
328 1536 369 1592 rei
386 1535 518 1611 publicae
538 1553 576 1594 ne
596 1535 622 1592 si
641 1534 726 1593 liceat
740 1535 859 1610 quidem
874 1536 953 1607 velis,
970 1537 1064 1596 feren·

117 1634 186 1690 dam
207 1650 271 1696 esse
285 1632 439 1702 fortunam,
454 1633 622 1707 praesertim
637 1650 714 1708 quae
736 1632 848 1690 absita
868 1633 961 1708 culpa
1007 1635 1065 1694 Sed

118 1731 190 1788 haec
204 1730 353 1788 hactenus.
395 1730 444 1787 Tu
458 1730 543 1787 velim
558 1730 666 1788 scribas
682 1729 719 1787 ad
733 1746 789 1798 me,
801 1730 872 1805 quid
886 1749 957 1806 agas
972 1743 1002 1791 et
1016 1735 1064 1792 ubi

118 1829 229 1886 iuturus
257 1819 312 1899 εἰς,Ι
326 1837 358 1885 ut
382 1837 431 1885 aut
455 1845 515 1903 quo
544 1829 669 1886 scribam
694 1836 743 1886 aut
768 1846 827 1903 quo
852 1829 968 1888 veniam
992 1830 1065 1889 scire

118 1944 238 2003 possim.

296 2070 362 2141 101'.
404 2081 461 2140 AD
482 2081 736 2142 FAMILIARES
758 2082 812 2142 IV.
836 2103 881 2142 12.

242 2199 307 2260 Scn.
329 2200 461 2258 Arururs
482 2218 525 2258 an.
548 2199 625 2258 Khn.
647 2199 751 2258 qums
774 2218 857 2260 auc.
881 2214 950 2275 709.

359 2324 477 2364 srnvrus
498 2325 631 2365 crcrnour
650 2325 712 2364 sna.
735 2324 821 2364 prun.

164 2422 280 2483 1.Ersr
306 2422 368 2480 scio
395 2439 457 2480 non
480 2421 720 2480 iucundissimum
749 2439 798 2479 me
826 2421 961 2480 nuntium
985 2423 1067 2482 vobis

120 2523 289 2588 adlaturum,
301 2529 399 2576 tamen
414 2519 552 2593 quoniam
567 2536 652 2576 casus
667 2528 696 2576 et
710 2529 811 2576 natura
825 2519 855 2575 in
868 2519 956 2576 nobis
971 2521 1067 2578 domi·

120 2629 212 2688 natur,
227 2618 319 2675 visum
339 2627 382 2674 est
398 2611 600 2696 [faciendum],
616 2634 735 2692 quoquo
754 2616 846 2674 modo
865 2635 912 2675 res
931 2636 964 2676 se
978 2618 1068 2678 habe·

121 2729 172 2787 ret,
196 2735 249 2774 vos
278 2716 418 2774 certiores.
443 2713 546 2774 facere.
588 2715 625 2772 A.
651 2715 677 2772 d.
704 2734 731 2773 x.
758 2714 823 2773 Kal.
846 2715 911 2774 Iun.
933 2735 1004 2776 eum
1031 2721 1070 2778 ab

120 2815 269 2891 Epidauro
279 2813 412 2873 Piraeum
427 2813 493 2871 navi
508 2812 643 2870 advectus
658 2831 761 2883 essem,
776 2814 815 2871 ibi
825 2813 873 2872 M.
885 2813 1069 2889 Marcellum,

121 2914 263 2987 collegam
278 2921 418 2981 nostrum,
431 2911 555 2970 conveni
566 2929 692 2986 eumque
706 2911 783 2968 diem
794 2911 833 2968 ibi
844 2916 1025 2988 consumpsi,
1038 2925 1070 2972 ut

121 3031 188 3071 cum
202 3029 239 3069 eo
253 3027 357 3085 essem.
401 3008 522 3068 Postero
543 3008 589 3067 die
609 3027 677 3066 cum
692 3009 728 3066 ab
748 3026 785 3066 eo
805 3008 952 3084 digressus
971 3028 1070 3071 essem

121 3130 157 3170 eo
177 3108 354 3178 consiliant
373 3108 410 3164 ab
425 3106 546 3165 Athenis
566 3107 596 3164 in
612 3105 764 3164 Boeotiam
778 3106 850 3162 irem
868 3107 1070 3184 reliquamque

121 3208 347 3266 iurisdictionem
366 3205 554 3275 absolverem,
569 3205 623 3273 ille,
638 3215 670 3261 ut
690 3205 792 3273 aiebat,
808 3221 895 3278 supra
910 3204 1024 3264 Maleas
1038 3208 1070 3265 in

123 3306 234 3364 Italiam
258 3321 357 3362 versus
382 3304 566 3377 navigaturus
591 3312 660 3360 erat.
706 3319 732 3360 a.
753 3301 824 3359 Post
848 3301 927 3360 diem
950 3305 1069 3362 tertium

122 3407 184 3464 eius
205 3403 268 3473 diei,
290 3419 357 3460 cum
379 3400 415 3459 ab
438 3401 559 3459 Athenis
580 3400 724 3486 proficisci
747 3399 776 3457 in
799 3399 898 3458 animo
919 3399 1067 3473 haberem,
