2348 3788
93 227 140 299 spt
157 220 213 304 54]
300 235 415 284 nrrsr.
436 234 487 283 Aa
507 233 673 285 arricum
696 236 773 309 rtrrr.
796 242 827 308 3.
976 238 1035 308 135

307 448 355 504 54.
396 445 453 504 An
473 420 775 506 Arrrcun‘vrn.
796 451 823 505 a.

93 557 159 618 Sca.
169 576 200 617 nt
209 576 286 618 sono
298 558 420 619 Carano
431 579 490 620 run.
502 580 540 619 x1.
550 560 710 619 Karambis
722 559 979 633 ManansA.1r.c.7
1005 572 1032 630 5.

407 684 509 726 crosno
529 685 635 727 arrico
655 685 716 727 san.

136 797 160 837 1.
181 777 314 838 Maxims
328 788 357 837 et
370 778 537 838 miserrimis
550 781 636 839 rebus
650 780 839 856 perturbatus,
852 795 919 838 cum
933 795 1032 836 coram

90 883 188 935 tecum
200 876 272 934 mihi
286 886 414 952 potestas
433 877 608 936 deliberandi
625 896 686 936 non
702 890 787 948 esset,
802 879 843 936 uti
862 889 961 937 tamen
979 886 1030 934 tuo

90 974 212 1032 consilio
245 973 342 1045 volui;
378 973 544 1033 deliberatio
574 984 672 1033 autem
704 977 800 1035 omnis
827 977 899 1034 haec
927 984 979 1044 est,
1007 974 1031 1031 si

90 1071 247 1151 Pompeius
268 1070 349 1128 Italia
367 1071 460 1141 cedat,
475 1071 555 1147 quod
574 1089 641 1130 eum
657 1071 797 1131 facturum
812 1091 876 1132 esse
891 1062 1030 1148 suspicor,

89 1169 159 1244 quid
178 1169 247 1225 mihi
267 1168 414 1242 agendum
433 1178 525 1243 putes,
539 1178 576 1239 et,
591 1187 651 1244 quo
671 1168 781 1228 facilius
795 1170 946 1229 consilium
961 1170 1030 1226 dare

89 1266 193 1340 possis,
209 1265 279 1340 quid
299 1265 330 1322 in
347 1275 499 1341 utramque
518 1275 629 1341 partem
648 1265 718 1324 mihi
737 1268 767 1324 in
785 1277 913 1325 mentem
928 1267 1030 1335 veniat,

29 1389 31 1393 ¹
89 1363 241 1437 explicabo
262 1363 349 1420 brevi.
394 1382 419 1421 a.
441 1362 518 1421 Cum
543 1364 645 1421 merita
668 1363 800 1439 Pompeii
824 1382 939 1422 summa
963 1381 1032 1437 erga

90 1462 212 1519 salutem
240 1479 336 1518 meam
364 1460 604 1536 familiaritasque,
626 1479 700 1537 quae
728 1462 798 1518 mihi
826 1479 893 1518 cum
917 1477 953 1518 eo
978 1470 1030 1528 est,

89 1570 152 1618 tum
179 1559 243 1634 ipsa
268 1559 309 1616 rei
336 1557 469 1635 publicae
496 1576 585 1616 causa
611 1577 659 1617 me
687 1559 812 1629 adducit,
836 1568 867 1616 ut
893 1557 963 1616 mihi
987 1557 1054 1614 vel·

90 1655 241 1714 consilium
260 1673 358 1714 meum
378 1673 445 1714 cum
466 1654 540 1713 illius
559 1656 687 1726 consilio,
703 1655 747 1713 vel
766 1655 882 1714 fortuna
898 1675 956 1713 mea
970 1673 1031 1712 cum

90 1753 168 1810 illeiis
173 1754 298 1830 fortuna
318 1753 525 1828 coniungenda
543 1770 607 1812 esse
626 1752 763 1812 videatur.
805 1753 927 1812 Accedit
944 1752 1029 1811 illud:

90 1852 115 1909 si
128 1869 234 1910 maneo
249 1861 279 1910 et
293 1851 373 1910 illum
388 1851 558 1908 comitatum
572 1850 749 1926 optimorum
764 1859 793 1909 et
807 1850 1029 1909 clarissimorum

89 1950 195 2009 civium
206 1949 317 2017 desem,
330 1948 494 2007 cadendum
509 1956 553 2005 est
567 1947 597 2004 in
611 1947 695 2005 unius
709 1955 892 2022 potestatem,
904 1947 961 2024 qui,
977 1949 1030 2007 etsi

88 2046 186 2104 multis
199 2045 285 2104 rebus
299 2045 443 2120 significat
456 2063 488 2103 se
502 2044 587 2102 nobis
602 2061 666 2102 esse
680 2044 814 2115 amicum,
826 2055 855 2102 et
868 2053 900 2102 ut
913 2055 997 2114 esset,
1012 2063 1030 2102 a

89 2162 137 2201 me
151 2152 295 2201 est—tute
310 2143 525 2218 scis-propter
539 2142 730 2217 suspitionem
741 2140 824 2200 huius
836 2141 1029 2216 impendentis

89 2240 266 2316 tempestatis
289 2239 380 2298 multo
401 2252 468 2298 ante
489 2240 646 2315 provisum,
663 2249 761 2297 tamen
782 2247 936 2314 utrumque
957 2257 1028 2298 con-

89 2337 274 2398 siderandum
299 2346 352 2408 est,
377 2345 406 2394 et
430 2347 539 2412 quanta
562 2336 635 2394 fides
659 2336 686 2393 ei
714 2336 751 2394 sit
777 2335 912 2394 habenda
939 2346 976 2406 et,
1005 2337 1029 2394 si

87 2437 213 2493 maxime
228 2434 409 2509 exploratum
424 2436 460 2493 sit
473 2452 541 2493 eum
555 2435 640 2492 nobis
655 2433 781 2492 amicum
799 2433 869 2504 fore,
885 2433 958 2491 sitne
976 2434 1028 2490 viri

87 2533 168 2592 sortis
189 2543 218 2590 et
239 2532 309 2590 boni
328 2532 398 2589 civis
417 2550 481 2590 esse
500 2532 530 2588 in
549 2549 585 2590 ea
602 2531 673 2590 urbe
693 2532 723 2588 in
740 2548 805 2606 qua,
820 2548 887 2589 cum
907 2531 1028 2588 summis

87 2630 247 2689 honoribus
275 2629 460 2705 imperiisque
488 2647 558 2687 usus
585 2630 630 2699 sit,
653 2647 698 2687 res
727 2629 868 2686 maximas
896 2628 1025 2703 gesserit,

88 2727 250 2788 sacerdotio
273 2726 309 2784 sit
327 2726 507 2802 amplissimo
526 2727 680 2802 praeditus,
695 2743 804 2784 nornen
826 2724 943 2794 iuturus,
959 2725 1027 2781 sub-

87 2823 274 2899 eundumque
294 2823 453 2900 periculum
473 2825 517 2893 sit,
539 2841 605 2882 cum
626 2823 722 2898 aliquo
744 2821 804 2880 sore
829 2820 981 2890 dedecore,
1004 2820 1027 2878 si

87 2922 205 3000 quando
220 2920 378 2997 Pompeius
394 2939 457 2978 rem
476 2920 622 2996 publicam
643 2920 825 2997 recuperarit.
869 2936 896 2994 3.
918 2919 953 2976 In
973 2919 1028 2975 hac

86 3032 167 3096 parte
189 3019 261 3079 haec
283 3029 366 3089 sunt;
392 3019 457 3077 vide
482 3037 568 3089 nunc,
594 3036 668 3094 quae
692 3018 800 3076 sintin
824 3018 928 3076 altera:
956 3015 1026 3072 nihil

86 3129 183 3176 actum
197 3128 240 3175 est
253 3136 271 3176 a
285 3117 426 3194 Pompeio
441 3126 541 3175 nostro
556 3117 707 3191 sapienter,
717 3115 787 3173 nihil
801 3115 929 3186 sortiter;
949 3112 1026 3171 addo

86 3220 181 3285 etiam,
196 3215 266 3272 nihil
285 3215 340 3272 nisi
359 3225 461 3273 contra
479 3214 632 3272 consilium
651 3215 906 3287 auctoritatemque
921 3229 1025 3268 meam.

87 3313 199 3372 Omitto
214 3313 262 3370 illa
276 3323 383 3381 vetera,
399 3312 479 3388 quod
493 3312 579 3370 istum
593 3312 622 3368 in
643 3329 704 3368 rem
724 3311 869 3387 publicam
888 3308 934 3366 ille
958 3307 1027 3364 aluit

69 3411 173 3506 auxit,
196 3410 324 3481 armavit,
349 3409 394 3468 ille
422 3409 533 3486 legibus
562 3426 613 3487 per
638 3409 695 3466 vim
719 3417 748 3466 et
771 3418 872 3466 contra
896 3405 1024 3482 auspicia
