2356 3810
119 212 160 289 48
390 225 428 273 M.
455 225 574 272 rurrrr
595 224 784 272 crornorvrs
957 210 1024 293 [rats
1039 224 1059 274 r.

120 382 224 451 vexari,
253 382 294 439 sic
321 381 415 438 iacere
443 381 473 437 in
494 381 617 438 lacrimis
644 389 672 437 et
697 380 848 438 sordibusl
882 378 971 454 idque
999 378 1061 435 fieri

119 498 185 537 mea
209 479 301 555 culpa,
327 479 378 554 qui
400 487 509 535 ceteros
533 478 649 547 servavi,
669 487 701 535 ut
724 495 779 534 nos
802 477 979 552 periremusl
1032 495 1058 548 3.

120 578 211 648 Quod
232 577 268 634 de
292 577 382 634 domo
403 576 511 645 scribis,
535 575 592 633 hoc
611 585 655 633 est
677 576 714 633 de
735 593 809 643 area,
831 593 888 650 ego
909 591 977 632 vero
997 582 1060 630 turn

120 675 245 748 denique
259 672 329 730 mihi
343 673 464 731 videbor
478 674 632 742 restitutus,
648 673 672 730 si
686 673 734 730 illa
747 673 833 730 nobis
848 673 899 729 erit
913 672 1043 729 restituta
1051 689 1058 739 ;

120 790 218 828 verum
232 770 303 829 haec
323 789 384 828 non
405 780 472 828 sunt
493 771 522 827 in
543 780 642 828 nostra
662 788 768 828 manu:
791 769 860 826 illud
874 760 1060 853 doleqquae

121 871 254 944 impensa
274 868 405 926 facienda
426 879 477 938 est,
498 869 527 925 in
548 869 610 926 eius
631 877 742 942 partem
762 874 786 924 te
806 868 940 925 miseram
961 877 991 924 et
1011 867 1061 924 de-

121 966 274 1040 spoliatam
296 965 401 1023 venire.
444 965 534 1037 Quod
558 966 582 1023 si
610 965 761 1023 conficitur
782 965 940 1040 negotium,
961 965 1061 1021 omnia

96 1055 98 1060 ’
122 1081 353 1137 consequemur;
384 1063 429 1120 sin
451 1063 554 1120 eadem
575 1080 630 1120 nos
655 1061 769 1119 fortuna
792 1070 912 1137 premet,
934 1061 1061 1118 etiamne

120 1161 254 1235 reliquias
269 1170 333 1217 tuas
348 1159 454 1217 misera
468 1160 612 1235 proicies?
634 1147 764 1218 Obsecro
779 1168 816 1229 te,
828 1178 894 1216 mea
903 1159 968 1228 vita,
980 1160 1061 1234 quod

121 1258 158 1316 ad
186 1267 333 1332 sumptum
358 1257 465 1327 attinet,
494 1259 555 1314 sine
581 1257 660 1328 alios,
686 1258 736 1332 qui
764 1266 894 1333 possunt,
918 1257 942 1314 si
969 1257 1061 1314 modo

121 1355 229 1425 volunt,
252 1356 401 1423 sustinere,
423 1365 451 1411 et
471 1354 665 1412 valetudinem
685 1355 770 1446 istam
790 1355 942 1424 infirmam,
964 1354 989 1412 si
1003 1372 1062 1471 sp}

122 1471 211 1523 amas,
227 1453 287 1509 noli
301 1469 423 1509 vexare:
440 1445 512 1508 'nam
524 1452 594 1509 mihi
609 1462 675 1510 ante
696 1452 797 1511 oculos
820 1453 880 1510 dies
901 1450 1103 1535 noctesqup‘rv

121 1550 256 1620 versaris;
272 1567 375 1606 omnes
389 1548 502 1606 labores
517 1559 545 1606 te
560 1551 692 1625 excipere
706 1550 808 1620 video;
832 1551 930 1618 time0,
945 1559 977 1605 ut
999 1567 1060 1606 sus·
1086 1530 1103 1619 l

121 1648 221 1704 tineas.
239 1638 244 1686 ἶ
267 1645 325 1703 Sed
339 1645 424 1703 video
439 1647 469 1703 in
484 1657 512 1703 te
527 1664 590 1704 esse
611 1647 729 1704 omnia:
751 1665 808 1722 qua
822 1665 860 1716 re,
876 1655 907 1702 ut
928 1645 966 1715 id,
981 1646 1062 1721 quod

123 1762 221 1818 speras
243 1752 272 1800 et
296 1742 377 1817 quod
400 1745 470 1818 agis,
494 1761 715 1818 consequamur,
736 1745 809 1801 servi
828 1743 991 1800 valetudini.
1035 1763 1061 1815 4.

123 1840 197 1916 Eg0,
219 1839 257 1898 ad
279 1858 354 1915 quos
379 1841 511 1911 scribam,
532 1824 641 1911 nescio,
661 1842 715 1899 nisi
736 1842 774 1899 ad
795 1859 853 1909 eos
878 1841 928 1915 qui
952 1842 991 1899 ad
1015 1859 1063 1898 me

123 1939 260 2007 scribunt,
276 1947 325 1994 aut
339 1937 376 1994 ad
390 1955 450 2007 eos,
463 1938 499 1996 de
514 1939 618 2013 quibus
633 1938 670 1996 ad
684 1958 731 1997 me
743 1957 794 1996 vos
808 1939 915 2014 aliquid
930 1940 1061 1998 scribitis.

124 2036 266 2111 Longius,
292 2037 430 2110 quoniam
456 2038 495 2094 ita
517 2039 599 2094 vobis
624 2037 726 2112 placet,
749 2055 810 2096 non
833 2039 990 2108 discedam,
1011 2039 1064 2096 sed
1088 2064 1090 2068 ⁴

123 2134 208 2190 velim
223 2151 312 2208 quam
328 2133 496 2208 saepissime
510 2133 616 2192 litteras
630 2135 756 2204 mittatis,
766 2136 943 2210 praesertim,
955 2137 980 2193 si
995 2137 1065 2211 quid

124 2242 167 2290 est
183 2232 300 2301 firmius,
313 2231 394 2307 quod
409 2249 565 2306 speremus.
593 2231 709 2302 valete,
717 2251 784 2291 mea
797 2233 948 2305 desideria,
962 2235 1063 2292 valete.

124 2329 161 2386 D.
177 2348 203 2387 a.
220 2330 247 2387 d.
262 2348 303 2432 pp.
318 2329 396 2388 Non.
412 2328 477 2388 Oct.
520 2330 738 2390 Thessalonica.

311 2495 356 2550 18.
400 2491 457 2548 ΑΙ)
478 2491 728 2552 FAMILIARES
750 2493 831 2666 ΧΨ.
857 2514 882 2587 13

3 2627 6 2631 ¹
74 2626 78 2690 Ι·
129 2603 194 2663 Seu.
220 2600 410 2662 Drruurlcrrn
435 2622 495 2662 nn.
518 2622 556 2662 vr.
578 2604 656 2662 Krn.
680 2567 786 2665 Dncrrl
806 2588 968 2668 nasama.
997 2611 1065 2684 696.

168 2727 294 2768 TULLIUS
315 2727 480 2768 TERENTIAE
501 2727 582 2780 SUAE,
604 2729 769 2770 TULLIOLAE
791 2731 872 2784 SUAE,
893 2733 1027 2774 CICERONI

437 2826 490 2867 SUO
510 2827 645 2867 SALUTEM
665 2829 751 2870 DICIT.

92 2940 97 2950 ›
171 2932 194 2970 1.
214 2913 260 2972 Er
280 2914 378 2971 litteris
399 2913 554 2971 multorum
574 2924 603 2972 et
623 2933 757 2973 sermone
777 2918 908 2974 omnium
928 2918 1068 2994 perfertur

126 3011 163 3068 ad
184 3029 240 3081 me,
264 3011 462 3069 incredibilem
483 3021 563 3069 tuam
584 3012 715 3070 virtutem
736 3023 765 3070 et
785 3007 1068 3096 fortitudinerq‘esse

126 3119 211 3185 teque
226 3126 280 3167 nec
295 3109 383 3165 animi
401 3127 495 3185 neque
510 3111 640 3184 corporis
654 3110 800 3170 laboribus
816 3099 973 3188 defatigafl.
986 3105 1005 3202 1
1016 3113 1068 3171 Me

126 3207 279 3264 miserum!
313 3217 341 3264 te
366 3206 420 3264 ista
442 3208 552 3278 virtute,
574 3208 639 3279 fide,
661 3209 812 3284 probitate,
836 3210 1013 3268 humanitate
1037 3213 1067 3268 in

126 3315 220 3363 tantas
249 3321 403 3361 aerumnas
432 3314 549 3380 propter
575 3323 623 3362 me
647 3306 800 3365 incidisse!
853 3305 1067 3384 Tulliolamque

126 3414 261 3473 nostram,
277 3420 312 3460 ex
336 3420 394 3480 quo
416 3413 497 3478 patre
519 3413 612 3461 tantas
633 3404 794 3481 voluptates
816 3405 955 3480 capiebat,
973 3425 1010 3466 ex
1031 3424 1067 3466 eo
