<?xml version="1.0" encoding="UTF-8"?>
<!DOCTYPE html PUBLIC "-//W3C//DTD XHTML 1.0 Transitional//EN"
    "http://www.w3.org/TR/xhtml1/DTD/xhtml1-transitional.dtd">
<html xmlns="http://www.w3.org/1999/xhtml" xml:lang="en" lang="en">
 <head>
  <title>
</title>
<meta http-equiv="Content-Type" content="text/html;charset=utf-8" />
  <meta name='ocr-system' content='tesseract 3.04.00' />
  <meta name='ocr-capabilities' content='ocr_page ocr_carea ocr_par ocr_line ocrx_word'/>
</head>
<body>
  <div class='ocr_page' id='page_1' title='image "./epistolaeselect01cicegoog/epistolaeselect01cicegoog_0101.png"; bbox 0 0 2356 3810; ppageno 0'>
   <div class='ocr_carea' id='block_1_1' title="bbox 65 254 1011 342">
    <p class='ocr_par' dir='ltr' id='par_1_1' title="bbox 65 254 1011 342">
     <span class='ocr_line' id='line_1_1' title="bbox 65 254 1011 342; baseline 0.005 -27"><span class='ocrx_word' id='word_1_1' title='bbox 65 268 114 331; x_wconf 76' lang='lat' dir='ltr'>ap.</span> <span class='ocrx_word' id='word_1_2' title='bbox 131 254 189 340; x_wconf 85' lang='lat'><strong>29.]</strong></span> <span class='ocrx_word' id='word_1_3' title='bbox 295 268 408 318; x_wconf 67' lang='lat' dir='ltr'>aaran</span> <span class='ocrx_word' id='word_1_4' title='bbox 430 268 480 316; x_wconf 76' lang='lat' dir='ltr'>an</span> <span class='ocrx_word' id='word_1_5' title='bbox 500 269 723 319; x_wconf 66' lang='lat' dir='ltr'>ennarrans</span> <span class='ocrx_word' id='word_1_6' title='bbox 743 271 767 318; x_wconf 81' lang='lat' dir='ltr'>r.</span> <span class='ocrx_word' id='word_1_7' title='bbox 791 278 821 342; x_wconf 91' lang='lat'>9.</span> <span class='ocrx_word' id='word_1_8' title='bbox 970 257 1011 342; x_wconf 88' lang='lat'>85</span> 
     </span>
    </p>
   </div>
   <div class='ocr_carea' id='block_1_2' title="bbox 66 417 1068 2059">
    <p class='ocr_par' dir='ltr' id='par_1_2' title="bbox 66 417 1068 2059">
     <span class='ocr_line' id='line_1_2' title="bbox 66 417 1011 496; baseline 0.005 -22"><span class='ocrx_word' id='word_1_9' title='bbox 66 417 175 492; x_wconf 92' lang='lat' dir='ltr'>quibus</span> <span class='ocrx_word' id='word_1_10' title='bbox 196 419 282 477; x_wconf 90' lang='lat' dir='ltr'>rebus</span> <span class='ocrx_word' id='word_1_11' title='bbox 305 418 447 478; x_wconf 89' lang='lat' dir='ltr'>adductus</span> <span class='ocrx_word' id='word_1_12' title='bbox 468 437 614 496; x_wconf 91' lang='lat' dir='ltr'>quamque</span> <span class='ocrx_word' id='word_1_13' title='bbox 634 436 697 477; x_wconf 90' lang='lat' dir='ltr'>rem</span> <span class='ocrx_word' id='word_1_14' title='bbox 716 437 892 496; x_wconf 87' lang='lat' dir='ltr'>causamque</span> <span class='ocrx_word' id='word_1_15' title='bbox 913 419 1011 479; x_wconf 85' lang='lat' dir='ltr'>defen-</span> 
     </span>
     <span class='ocr_line' id='line_1_3' title="bbox 67 514 1011 593; baseline 0.004 -22"><span class='ocrx_word' id='word_1_16' title='bbox 67 514 171 585; x_wconf 91' lang='lat' dir='ltr'>derim,</span> <span class='ocrx_word' id='word_1_17' title='bbox 181 515 287 591; x_wconf 87' lang='lat' dir='ltr'>quique</span> <span class='ocrx_word' id='word_1_18' title='bbox 299 533 382 573; x_wconf 91' lang='lat' dir='ltr'>meus</span> <span class='ocrx_word' id='word_1_19' title='bbox 396 516 426 573; x_wconf 93' lang='lat' dir='ltr'>in</span> <span class='ocrx_word' id='word_1_20' title='bbox 440 535 471 574; x_wconf 88' lang='lat' dir='ltr'>re</span> <span class='ocrx_word' id='word_1_21' title='bbox 485 516 602 591; x_wconf 90' lang='lat' dir='ltr'>publica</span> <span class='ocrx_word' id='word_1_22' title='bbox 617 516 652 574; x_wconf 93' lang='lat' dir='ltr'>sit</span> <span class='ocrx_word' id='word_1_23' title='bbox 667 533 720 591; x_wconf 92' lang='lat' dir='ltr'>pro</span> <span class='ocrx_word' id='word_1_24' title='bbox 734 535 800 575; x_wconf 87' lang='lat' dir='ltr'>mea</span> <span class='ocrx_word' id='word_1_25' title='bbox 814 529 894 592; x_wconf 92' lang='lat' dir='ltr'>parte</span> <span class='ocrx_word' id='word_1_26' title='bbox 910 536 1011 593; x_wconf 88' lang='lat' dir='ltr'>capes·</span> 
     </span>
     <span class='ocr_line' id='line_1_4' title="bbox 68 611 1011 688; baseline 0.001 -18"><span class='ocrx_word' id='word_1_27' title='bbox 68 611 163 670; x_wconf 90' lang='lat' dir='ltr'>senda</span> <span class='ocrx_word' id='word_1_28' title='bbox 184 620 291 683; x_wconf 82' lang='lat' dir='ltr'>status3</span> <span class='ocrx_word' id='word_1_29' title='bbox 313 612 349 670; x_wconf 93' lang='lat' dir='ltr'>de</span> <span class='ocrx_word' id='word_1_30' title='bbox 371 630 430 688; x_wconf 89' lang='lat' dir='ltr'>quo</span> <span class='ocrx_word' id='word_1_31' title='bbox 452 613 493 670; x_wconf 92' lang='lat' dir='ltr'>sic</span> <span class='ocrx_word' id='word_1_32' title='bbox 513 613 599 670; x_wconf 90' lang='lat' dir='ltr'>velim</span> <span class='ocrx_word' id='word_1_33' title='bbox 621 624 738 684; x_wconf 86' lang='lat' dir='ltr'>statuas,</span> <span class='ocrx_word' id='word_1_34' title='bbox 752 632 800 671; x_wconf 89' lang='lat' dir='ltr'>me</span> <span class='ocrx_word' id='word_1_35' title='bbox 819 615 891 673; x_wconf 92' lang='lat' dir='ltr'>haec</span> <span class='ocrx_word' id='word_1_36' title='bbox 908 615 1011 673; x_wconf 89' lang='lat' dir='ltr'>eadem</span> 
     </span>
     <span class='ocr_line' id='line_1_5' title="bbox 68 708 1010 784; baseline 0.001 -18"><span class='ocrx_word' id='word_1_37' title='bbox 68 725 223 767; x_wconf 88' lang='lat' dir='ltr'>sensurum</span> <span class='ocrx_word' id='word_1_38' title='bbox 243 708 340 780; x_wconf 82' lang='lat' dir='ltr'>fuisse,</span> <span class='ocrx_word' id='word_1_39' title='bbox 356 711 379 768; x_wconf 91' lang='lat' dir='ltr'>si</span> <span class='ocrx_word' id='word_1_40' title='bbox 399 710 469 767; x_wconf 91' lang='lat' dir='ltr'>mihi</span> <span class='ocrx_word' id='word_1_41' title='bbox 484 709 595 784; x_wconf 88' lang='lat' dir='ltr'>integra</span> <span class='ocrx_word' id='word_1_42' title='bbox 609 711 709 768; x_wconf 91' lang='lat' dir='ltr'>omnia</span> <span class='ocrx_word' id='word_1_43' title='bbox 723 729 757 769; x_wconf 90' lang='lat' dir='ltr'>ac</span> <span class='ocrx_word' id='word_1_44' title='bbox 772 711 860 768; x_wconf 91' lang='lat' dir='ltr'>libera</span> <span class='ocrx_word' id='word_1_45' title='bbox 874 711 1010 769; x_wconf 87' lang='lat' dir='ltr'>fuissent:</span> 
     </span>
     <span class='ocr_line' id='line_1_6' title="bbox 67 808 1011 883; baseline 0.003 -20"><span class='ocrx_word' id='word_1_46' title='bbox 67 824 139 863; x_wconf 90' lang='lat' dir='ltr'>nam</span> <span class='ocrx_word' id='word_1_47' title='bbox 167 823 263 883; x_wconf 90' lang='lat' dir='ltr'>neque</span> <span class='ocrx_word' id='word_1_48' title='bbox 290 808 482 882; x_wconf 88' lang='lat' dir='ltr'>pugnandum</span> <span class='ocrx_word' id='word_1_49' title='bbox 510 808 660 865; x_wconf 89' lang='lat' dir='ltr'>arbitrarer</span> <span class='ocrx_word' id='word_1_50' title='bbox 687 816 788 866; x_wconf 89' lang='lat' dir='ltr'>contra</span> <span class='ocrx_word' id='word_1_51' title='bbox 816 817 911 866; x_wconf 89' lang='lat' dir='ltr'>tantas</span> <span class='ocrx_word' id='word_1_52' title='bbox 938 826 1011 883; x_wconf 90' lang='lat' dir='ltr'>opes</span> 
     </span>
     <span class='ocr_line' id='line_1_7' title="bbox 67 903 1011 980; baseline 0.001 -19"><span class='ocrx_word' id='word_1_53' title='bbox 67 921 165 980; x_wconf 89' lang='lat' dir='ltr'>neque</span> <span class='ocrx_word' id='word_1_54' title='bbox 194 903 359 971; x_wconf 81' lang='lat' dir='ltr'>delendum,</span> <span class='ocrx_word' id='word_1_55' title='bbox 384 907 471 963; x_wconf 88' lang='lat' dir='ltr'>etiam</span> <span class='ocrx_word' id='word_1_56' title='bbox 499 905 523 964; x_wconf 92' lang='lat' dir='ltr'>si</span> <span class='ocrx_word' id='word_1_57' title='bbox 550 905 581 962; x_wconf 92' lang='lat' dir='ltr'>id</span> <span class='ocrx_word' id='word_1_58' title='bbox 609 903 669 961; x_wconf 88' lang='lat' dir='ltr'>fieri</span> <span class='ocrx_word' id='word_1_59' title='bbox 697 913 805 979; x_wconf 93' lang='lat' dir='ltr'>posset,</span> <span class='ocrx_word' id='word_1_60' title='bbox 832 923 1011 963; x_wconf 91' lang='lat' dir='ltr'>summorum</span> 
     </span>
     <span class='ocr_line' id='line_1_8' title="bbox 68 1001 1011 1078; baseline 0 -18"><span class='ocrx_word' id='word_1_61' title='bbox 68 1003 175 1060; x_wconf 89' lang='lat' dir='ltr'>civium</span> <span class='ocrx_word' id='word_1_62' title='bbox 196 1003 390 1078; x_wconf 80' lang='lat' dir='ltr'>principatum</span> <span class='ocrx_word' id='word_1_63' title='bbox 412 1020 466 1060; x_wconf 91' lang='lat' dir='ltr'>nec</span> <span class='ocrx_word' id='word_1_64' title='bbox 487 1001 717 1078; x_wconf 91' lang='lat' dir='ltr'>permanendum</span> <span class='ocrx_word' id='word_1_65' title='bbox 738 1003 768 1059; x_wconf 91' lang='lat' dir='ltr'>in</span> <span class='ocrx_word' id='word_1_66' title='bbox 789 1020 848 1059; x_wconf 91' lang='lat' dir='ltr'>una</span> <span class='ocrx_word' id='word_1_67' title='bbox 869 1004 1011 1060; x_wconf 90' lang='lat' dir='ltr'>sententia</span> 
     </span>
     <span class='ocr_line' id='line_1_9' title="bbox 68 1101 1011 1172; baseline 0.001 -14"><span class='ocrx_word' id='word_1_68' title='bbox 68 1101 217 1158; x_wconf 89' lang='lat' dir='ltr'>conversis</span> <span class='ocrx_word' id='word_1_69' title='bbox 244 1102 331 1159; x_wconf 89' lang='lat' dir='ltr'>rebus</span> <span class='ocrx_word' id='word_1_70' title='bbox 359 1118 394 1159; x_wconf 92' lang='lat' dir='ltr'>ac</span> <span class='ocrx_word' id='word_1_71' title='bbox 420 1102 567 1158; x_wconf 90' lang='lat' dir='ltr'>bonorum</span> <span class='ocrx_word' id='word_1_72' title='bbox 591 1101 785 1159; x_wconf 88' lang='lat' dir='ltr'>voluntatibus</span> <span class='ocrx_word' id='word_1_73' title='bbox 809 1101 933 1172; x_wconf 84' lang='lat' dir='ltr'>mutatis,</span> <span class='ocrx_word' id='word_1_74' title='bbox 959 1103 1011 1159; x_wconf 86' lang='lat' dir='ltr'>sed</span> 
     </span>
     <span class='ocr_line' id='line_1_10' title="bbox 68 1198 1011 1276; baseline 0.003 -21"><span class='ocrx_word' id='word_1_75' title='bbox 68 1199 250 1274; x_wconf 85' lang='lat' dir='ltr'>temporibus</span> <span class='ocrx_word' id='word_1_76' title='bbox 277 1198 507 1258; x_wconf 85' lang='lat' dir='ltr'>adsentiendum.</span> <span class='ocrx_word' id='word_1_77' title='bbox 556 1198 725 1274; x_wconf 87' lang='lat' dir='ltr'>Numquam</span> <span class='ocrx_word' id='word_1_78' title='bbox 753 1200 831 1256; x_wconf 91' lang='lat' dir='ltr'>enim</span> <span class='ocrx_word' id='word_1_79' title='bbox 865 1202 894 1257; x_wconf 81' lang='lat' dir='ltr'>in</span> <span class='ocrx_word' id='word_1_80' title='bbox 928 1219 1011 1276; x_wconf 88' lang='lat' dir='ltr'>prae·</span> 
     </span>
     <span class='ocr_line' id='line_1_11' title="bbox 67 1296 1012 1372; baseline 0.001 -18"><span class='ocrx_word' id='word_1_81' title='bbox 67 1297 212 1354; x_wconf 90' lang='lat' dir='ltr'>stantibus</span> <span class='ocrx_word' id='word_1_82' title='bbox 222 1297 252 1354; x_wconf 94' lang='lat' dir='ltr'>in</span> <span class='ocrx_word' id='word_1_83' title='bbox 266 1313 298 1354; x_wconf 90' lang='lat' dir='ltr'>re</span> <span class='ocrx_word' id='word_1_84' title='bbox 312 1297 427 1372; x_wconf 92' lang='lat' dir='ltr'>publica</span> <span class='ocrx_word' id='word_1_85' title='bbox 441 1297 631 1372; x_wconf 89' lang='lat' dir='ltr'>gubernanda</span> <span class='ocrx_word' id='word_1_86' title='bbox 644 1297 709 1355; x_wconf 91' lang='lat' dir='ltr'>viris</span> <span class='ocrx_word' id='word_1_87' title='bbox 723 1296 838 1356; x_wconf 90' lang='lat' dir='ltr'>laudata</span> <span class='ocrx_word' id='word_1_88' title='bbox 852 1307 896 1355; x_wconf 92' lang='lat' dir='ltr'>est</span> <span class='ocrx_word' id='word_1_89' title='bbox 909 1298 938 1355; x_wconf 92' lang='lat' dir='ltr'>in</span> <span class='ocrx_word' id='word_1_90' title='bbox 952 1316 1012 1355; x_wconf 88' lang='lat' dir='ltr'>una</span> 
     </span>
     <span class='ocr_line' id='line_1_12' title="bbox 68 1395 1010 1470; baseline 0.002 -20"><span class='ocrx_word' id='word_1_91' title='bbox 68 1395 213 1451; x_wconf 91' lang='lat' dir='ltr'>sententia</span> <span class='ocrx_word' id='word_1_92' title='bbox 231 1404 370 1470; x_wconf 85' lang='lat' dir='ltr'>perpetua</span> <span class='ocrx_word' id='word_1_93' title='bbox 389 1395 565 1470; x_wconf 88' lang='lat' dir='ltr'>permansi0,</span> <span class='ocrx_word' id='word_1_94' title='bbox 581 1395 640 1466; x_wconf 88' lang='lat' dir='ltr'>sed,</span> <span class='ocrx_word' id='word_1_95' title='bbox 655 1405 687 1453; x_wconf 91' lang='lat' dir='ltr'>ut</span> <span class='ocrx_word' id='word_1_96' title='bbox 706 1396 736 1452; x_wconf 93' lang='lat' dir='ltr'>in</span> <span class='ocrx_word' id='word_1_97' title='bbox 758 1395 922 1470; x_wconf 83' lang='lat' dir='ltr'>navigando</span> <span class='ocrx_word' id='word_1_98' title='bbox 937 1405 1010 1454; x_wconf 89' lang='lat' dir='ltr'>tem-</span> 
     </span>
     <span class='ocr_line' id='line_1_13' title="bbox 67 1478 1010 1570; baseline 0.004 -23"><span class='ocrx_word' id='word_1_99' title='bbox 67 1491 174 1567; x_wconf 91' lang='lat' dir='ltr'>pestati</span> <span class='ocrx_word' id='word_1_100' title='bbox 198 1478 320 1568; x_wconf 86' lang='lat' dir='ltr'>obsequi</span> <span class='ocrx_word' id='word_1_101' title='bbox 345 1493 414 1550; x_wconf 86' lang='lat' dir='ltr'>artis</span> <span class='ocrx_word' id='word_1_102' title='bbox 437 1502 489 1562; x_wconf 87' lang='lat' dir='ltr'>est,</span> <span class='ocrx_word' id='word_1_103' title='bbox 514 1493 601 1550; x_wconf 91' lang='lat' dir='ltr'>etiam</span> <span class='ocrx_word' id='word_1_104' title='bbox 627 1493 651 1551; x_wconf 95' lang='lat' dir='ltr'>si</span> <span class='ocrx_word' id='word_1_105' title='bbox 679 1503 795 1570; x_wconf 87' lang='lat' dir='ltr'>portum</span> <span class='ocrx_word' id='word_1_106' title='bbox 823 1503 921 1551; x_wconf 90' lang='lat' dir='ltr'>tenere</span> <span class='ocrx_word' id='word_1_107' title='bbox 948 1511 1010 1552; x_wconf 90' lang='lat' dir='ltr'>non</span> 
     </span>
     <span class='ocr_line' id='line_1_14' title="bbox 67 1590 1010 1668; baseline 0.001 -22"><span class='ocrx_word' id='word_1_108' title='bbox 67 1607 169 1664; x_wconf 88' lang='lat' dir='ltr'>queas,</span> <span class='ocrx_word' id='word_1_109' title='bbox 191 1607 258 1647; x_wconf 88' lang='lat' dir='ltr'>cum</span> <span class='ocrx_word' id='word_1_110' title='bbox 282 1590 401 1649; x_wconf 89' lang='lat' dir='ltr'>veroid</span> <span class='ocrx_word' id='word_1_111' title='bbox 423 1590 519 1666; x_wconf 91' lang='lat' dir='ltr'>possis</span> <span class='ocrx_word' id='word_1_112' title='bbox 540 1600 650 1648; x_wconf 86' lang='lat' dir='ltr'>mutata</span> <span class='ocrx_word' id='word_1_113' title='bbox 671 1591 860 1649; x_wconf 87' lang='lat' dir='ltr'>velificatione</span> <span class='ocrx_word' id='word_1_114' title='bbox 881 1591 1010 1668; x_wconf 90' lang='lat' dir='ltr'>adsequi,</span> 
     </span>
     <span class='ocr_line' id='line_1_15' title="bbox 68 1687 1009 1766; baseline 0 -20"><span class='ocrx_word' id='word_1_115' title='bbox 68 1687 188 1746; x_wconf 90' lang='lat' dir='ltr'>stultum</span> <span class='ocrx_word' id='word_1_116' title='bbox 215 1699 259 1746; x_wconf 90' lang='lat' dir='ltr'>est</span> <span class='ocrx_word' id='word_1_117' title='bbox 286 1706 353 1745; x_wconf 92' lang='lat' dir='ltr'>eum</span> <span class='ocrx_word' id='word_1_118' title='bbox 381 1698 479 1746; x_wconf 88' lang='lat' dir='ltr'>tenere</span> <span class='ocrx_word' id='word_1_119' title='bbox 494 1707 574 1747; x_wconf 83' lang='lat' dir='ltr'>cum</span> <span class='ocrx_word' id='word_1_120' title='bbox 606 1690 734 1764; x_wconf 91' lang='lat' dir='ltr'>periculo</span> <span class='ocrx_word' id='word_1_121' title='bbox 768 1707 892 1760; x_wconf 88' lang='lat' dir='ltr'>cursum,</span> <span class='ocrx_word' id='word_1_122' title='bbox 921 1708 1009 1766; x_wconf 91' lang='lat' dir='ltr'>quem</span> 
     </span>
     <span class='ocr_line' id='line_1_16' title="bbox 67 1785 1011 1863; baseline 0.002 -21"><span class='ocrx_word' id='word_1_123' title='bbox 67 1786 190 1860; x_wconf 87' lang='lat' dir='ltr'>ceperis,</span> <span class='ocrx_word' id='word_1_124' title='bbox 205 1785 301 1860; x_wconf 89' lang='lat' dir='ltr'>potius</span> <span class='ocrx_word' id='word_1_125' title='bbox 319 1804 408 1862; x_wconf 89' lang='lat' dir='ltr'>quam</span> <span class='ocrx_word' id='word_1_126' title='bbox 427 1803 463 1844; x_wconf 92' lang='lat' dir='ltr'>eo</span> <span class='ocrx_word' id='word_1_127' title='bbox 482 1796 661 1844; x_wconf 88' lang='lat' dir='ltr'>commutato</span> <span class='ocrx_word' id='word_1_128' title='bbox 679 1805 738 1863; x_wconf 92' lang='lat' dir='ltr'>quo</span> <span class='ocrx_word' id='word_1_129' title='bbox 752 1786 821 1844; x_wconf 88' lang='lat' dir='ltr'>velis</span> <span class='ocrx_word' id='word_1_130' title='bbox 836 1797 932 1845; x_wconf 91' lang='lat' dir='ltr'>tamen</span> <span class='ocrx_word' id='word_1_131' title='bbox 946 1806 1011 1862; x_wconf 88' lang='lat' dir='ltr'>per·</span> 
     </span>
     <span class='ocr_line' id='line_1_17' title="bbox 67 1879 1068 1960; baseline 0.004 -21"><span class='ocrx_word' id='word_1_132' title='bbox 67 1885 174 1954; x_wconf 88' lang='lat' dir='ltr'>venire,</span> <span class='ocrx_word' id='word_1_133' title='bbox 185 1884 233 1954; x_wconf 92' lang='lat' dir='ltr'>sic,</span> <span class='ocrx_word' id='word_1_134' title='bbox 243 1901 309 1941; x_wconf 92' lang='lat' dir='ltr'>cum</span> <span class='ocrx_word' id='word_1_135' title='bbox 321 1884 456 1941; x_wconf 93' lang='lat' dir='ltr'>omnibus</span> <span class='ocrx_word' id='word_1_136' title='bbox 467 1884 553 1941; x_wconf 91' lang='lat' dir='ltr'>nobis</span> <span class='ocrx_word' id='word_1_137' title='bbox 567 1885 597 1941; x_wconf 91' lang='lat' dir='ltr'>in</span> <span class='ocrx_word' id='word_1_138' title='bbox 611 1883 837 1942; x_wconf 87' lang='lat' dir='ltr'>administranda</span> <span class='ocrx_word' id='word_1_139' title='bbox 851 1903 881 1941; x_wconf 89' lang='lat' dir='ltr'>re</span> <span class='ocrx_word' id='word_1_140' title='bbox 896 1885 1010 1960; x_wconf 90' lang='lat' dir='ltr'>publica</span> <span class='ocrx_word' id='word_1_141' title='bbox 1062 1879 1068 1894; x_wconf 82' lang='lat'>&#39;</span> 
     </span>
     <span class='ocr_line' id='line_1_18' title="bbox 67 1981 1011 2059; baseline 0 -20"><span class='ocrx_word' id='word_1_142' title='bbox 67 1983 252 2059; x_wconf 91' lang='lat' dir='ltr'>propositum</span> <span class='ocrx_word' id='word_1_143' title='bbox 266 1999 330 2040; x_wconf 90' lang='lat' dir='ltr'>esse</span> <span class='ocrx_word' id='word_1_144' title='bbox 345 1981 449 2039; x_wconf 90' lang='lat' dir='ltr'>debeat</span> <span class='ocrx_word' id='word_1_145' title='bbox 462 1981 501 2051; x_wconf 93' lang='lat' dir='ltr'>id,</span> <span class='ocrx_word' id='word_1_146' title='bbox 516 1981 595 2057; x_wconf 91' lang='lat' dir='ltr'>quod</span> <span class='ocrx_word' id='word_1_147' title='bbox 613 2001 630 2040; x_wconf 91' lang='lat' dir='ltr'>a</span> <span class='ocrx_word' id='word_1_148' title='bbox 646 1999 695 2040; x_wconf 92' lang='lat' dir='ltr'>me</span> <span class='ocrx_word' id='word_1_149' title='bbox 714 1983 884 2058; x_wconf 88' lang='lat' dir='ltr'>saepissime</span> <span class='ocrx_word' id='word_1_150' title='bbox 903 1982 1011 2040; x_wconf 87' lang='lat' dir='ltr'>dictum</span> 
     </span>
    </p>
   </div>
   <div class='ocr_carea' id='block_1_3' title="bbox 66 2087 1013 3532">
    <p class='ocr_par' dir='ltr' id='par_1_3' title="bbox 66 2087 1013 3532">
     <span class='ocr_line' id='line_1_19' title="bbox 67 2087 1010 2163; baseline -0.002 -16"><span class='ocrx_word' id='word_1_151' title='bbox 67 2099 120 2159; x_wconf 92' lang='lat' dir='ltr'>est,</span> <span class='ocrx_word' id='word_1_152' title='bbox 142 2105 209 2146; x_wconf 91' lang='lat' dir='ltr'>cum</span> <span class='ocrx_word' id='word_1_153' title='bbox 232 2088 370 2162; x_wconf 82' lang='lat' dir='ltr'>dignitate</span> <span class='ocrx_word' id='word_1_154' title='bbox 391 2089 491 2158; x_wconf 91' lang='lat' dir='ltr'>otium,</span> <span class='ocrx_word' id='word_1_155' title='bbox 512 2106 574 2145; x_wconf 92' lang='lat' dir='ltr'>non</span> <span class='ocrx_word' id='word_1_156' title='bbox 595 2087 673 2145; x_wconf 91' lang='lat' dir='ltr'>idem</span> <span class='ocrx_word' id='word_1_157' title='bbox 696 2105 810 2163; x_wconf 89' lang='lat' dir='ltr'>semper</span> <span class='ocrx_word' id='word_1_158' title='bbox 832 2088 935 2157; x_wconf 89' lang='lat' dir='ltr'>dicere,</span> <span class='ocrx_word' id='word_1_159' title='bbox 958 2088 1010 2146; x_wconf 90' lang='lat' dir='ltr'>sed</span> 
     </span>
     <span class='ocr_line' id='line_1_20' title="bbox 67 2184 1011 2262; baseline 0 -18"><span class='ocrx_word' id='word_1_160' title='bbox 67 2188 147 2245; x_wconf 89' lang='lat' dir='ltr'>idem</span> <span class='ocrx_word' id='word_1_161' title='bbox 162 2204 279 2261; x_wconf 85' lang='lat' dir='ltr'>semper</span> <span class='ocrx_word' id='word_1_162' title='bbox 293 2194 424 2260; x_wconf 92' lang='lat' dir='ltr'>spectare</span> <span class='ocrx_word' id='word_1_163' title='bbox 439 2186 588 2244; x_wconf 84' lang='lat' dir='ltr'>debemus.</span> <span class='ocrx_word' id='word_1_164' title='bbox 631 2184 730 2256; x_wconf 90' lang='lat' dir='ltr'>Quam</span> <span class='ocrx_word' id='word_1_165' title='bbox 745 2187 784 2242; x_wconf 94' lang='lat' dir='ltr'>ob</span> <span class='ocrx_word' id='word_1_166' title='bbox 798 2205 868 2256; x_wconf 85' lang='lat' dir='ltr'>rem,</span> <span class='ocrx_word' id='word_1_167' title='bbox 878 2196 909 2244; x_wconf 91' lang='lat' dir='ltr'>ut</span> <span class='ocrx_word' id='word_1_168' title='bbox 923 2187 1011 2262; x_wconf 88' lang='lat' dir='ltr'>paulo</span> 
     </span>
     <span class='ocr_line' id='line_1_21' title="bbox 67 2284 1012 2360; baseline 0 -17"><span class='ocrx_word' id='word_1_169' title='bbox 67 2296 136 2343; x_wconf 86' lang='lat' dir='ltr'>ante</span> <span class='ocrx_word' id='word_1_170' title='bbox 150 2284 245 2360; x_wconf 89' lang='lat' dir='ltr'>posui,</span> <span class='ocrx_word' id='word_1_171' title='bbox 261 2284 284 2341; x_wconf 95' lang='lat' dir='ltr'>si</span> <span class='ocrx_word' id='word_1_172' title='bbox 299 2294 397 2342; x_wconf 90' lang='lat' dir='ltr'>essent</span> <span class='ocrx_word' id='word_1_173' title='bbox 410 2285 510 2342; x_wconf 87' lang='lat' dir='ltr'>omnia</span> <span class='ocrx_word' id='word_1_174' title='bbox 526 2284 596 2340; x_wconf 91' lang='lat' dir='ltr'>mihi</span> <span class='ocrx_word' id='word_1_175' title='bbox 617 2284 799 2354; x_wconf 87' lang='lat' dir='ltr'>solutissima,</span> <span class='ocrx_word' id='word_1_176' title='bbox 815 2295 912 2341; x_wconf 90' lang='lat' dir='ltr'>tamen</span> <span class='ocrx_word' id='word_1_177' title='bbox 929 2285 959 2342; x_wconf 91' lang='lat' dir='ltr'>in</span> <span class='ocrx_word' id='word_1_178' title='bbox 980 2304 1012 2343; x_wconf 89' lang='lat' dir='ltr'>re</span> 
     </span>
     <span class='ocr_line' id='line_1_22' title="bbox 67 2381 1011 2458; baseline -0.001 -18"><span class='ocrx_word' id='word_1_179' title='bbox 67 2382 186 2458; x_wconf 91' lang='lat' dir='ltr'>publica</span> <span class='ocrx_word' id='word_1_180' title='bbox 205 2398 267 2439; x_wconf 90' lang='lat' dir='ltr'>non</span> <span class='ocrx_word' id='word_1_181' title='bbox 287 2381 359 2439; x_wconf 90' lang='lat' dir='ltr'>alius</span> <span class='ocrx_word' id='word_1_182' title='bbox 380 2398 474 2438; x_wconf 91' lang='lat' dir='ltr'>essem</span> <span class='ocrx_word' id='word_1_183' title='bbox 496 2391 581 2456; x_wconf 86' lang='lat' dir='ltr'>atque</span> <span class='ocrx_word' id='word_1_184' title='bbox 603 2399 680 2439; x_wconf 88' lang='lat' dir='ltr'>nunc</span> <span class='ocrx_word' id='word_1_185' title='bbox 701 2400 783 2440; x_wconf 90' lang='lat' dir='ltr'>sum:</span> <span class='ocrx_word' id='word_1_186' title='bbox 805 2400 872 2440; x_wconf 91' lang='lat' dir='ltr'>cum</span> <span class='ocrx_word' id='word_1_187' title='bbox 892 2400 960 2440; x_wconf 90' lang='lat' dir='ltr'>vero</span> <span class='ocrx_word' id='word_1_188' title='bbox 981 2383 1011 2439; x_wconf 92' lang='lat' dir='ltr'>in</span> 
     </span>
     <span class='ocr_line' id='line_1_23' title="bbox 67 2478 1010 2556; baseline 0.001 -20"><span class='ocrx_word' id='word_1_189' title='bbox 67 2480 148 2538; x_wconf 92' lang='lat' dir='ltr'>hunc</span> <span class='ocrx_word' id='word_1_190' title='bbox 162 2496 281 2536; x_wconf 91' lang='lat' dir='ltr'>sensum</span> <span class='ocrx_word' id='word_1_191' title='bbox 295 2490 323 2536; x_wconf 92' lang='lat' dir='ltr'>et</span> <span class='ocrx_word' id='word_1_192' title='bbox 337 2478 453 2536; x_wconf 80' lang='lat' dir='ltr'>adliciat</span> <span class='ocrx_word' id='word_1_193' title='bbox 467 2479 613 2538; x_wconf 90' lang='lat' dir='ltr'>beneficiis</span> <span class='ocrx_word' id='word_1_194' title='bbox 632 2478 784 2537; x_wconf 91' lang='lat' dir='ltr'>hominum</span> <span class='ocrx_word' id='word_1_195' title='bbox 803 2490 832 2536; x_wconf 91' lang='lat' dir='ltr'>et</span> <span class='ocrx_word' id='word_1_196' title='bbox 853 2480 1010 2556; x_wconf 90' lang='lat' dir='ltr'>compellar</span> 
     </span>
     <span class='ocr_line' id='line_1_24' title="bbox 67 2575 1010 2653; baseline 0.002 -19"><span class='ocrx_word' id='word_1_197' title='bbox 67 2577 186 2646; x_wconf 91' lang='lat' dir='ltr'>iniuriis,</span> <span class='ocrx_word' id='word_1_198' title='bbox 201 2575 284 2634; x_wconf 88' lang='lat' dir='ltr'>facile</span> <span class='ocrx_word' id='word_1_199' title='bbox 298 2577 393 2652; x_wconf 89' lang='lat' dir='ltr'>patior</span> <span class='ocrx_word' id='word_1_200' title='bbox 406 2594 441 2635; x_wconf 88' lang='lat' dir='ltr'>ea</span> <span class='ocrx_word' id='word_1_201' title='bbox 454 2595 502 2635; x_wconf 90' lang='lat' dir='ltr'>me</span> <span class='ocrx_word' id='word_1_202' title='bbox 517 2577 554 2635; x_wconf 97' lang='lat' dir='ltr'>de</span> <span class='ocrx_word' id='word_1_203' title='bbox 567 2579 598 2635; x_wconf 83' lang='lat' dir='ltr'>r&#39;e</span> <span class='ocrx_word' id='word_1_204' title='bbox 612 2577 727 2653; x_wconf 91' lang='lat' dir='ltr'>publica</span> <span class='ocrx_word' id='word_1_205' title='bbox 742 2578 846 2635; x_wconf 92' lang='lat' dir='ltr'>sentire</span> <span class='ocrx_word' id='word_1_206' title='bbox 860 2595 894 2635; x_wconf 90' lang='lat' dir='ltr'>ac</span> <span class='ocrx_word' id='word_1_207' title='bbox 914 2577 1010 2636; x_wconf 90' lang='lat' dir='ltr'>dicere</span> 
     </span>
     <span class='ocr_line' id='line_1_25' title="bbox 67 2673 1011 2751; baseline 0.003 -20"><span class='ocrx_word' id='word_1_208' title='bbox 67 2692 144 2751; x_wconf 91' lang='lat' dir='ltr'>quae</span> <span class='ocrx_word' id='word_1_209' title='bbox 163 2675 289 2730; x_wconf 86' lang='lat' dir='ltr'>maxime</span> <span class='ocrx_word' id='word_1_210' title='bbox 303 2691 370 2731; x_wconf 88' lang='lat' dir='ltr'>cum</span> <span class='ocrx_word' id='word_1_211' title='bbox 385 2673 456 2731; x_wconf 89' lang='lat' dir='ltr'>mihi</span> <span class='ocrx_word' id='word_1_212' title='bbox 470 2684 531 2731; x_wconf 91' lang='lat' dir='ltr'>tum</span> <span class='ocrx_word' id='word_1_213' title='bbox 546 2675 634 2730; x_wconf 88' lang='lat' dir='ltr'>etiam</span> <span class='ocrx_word' id='word_1_214' title='bbox 648 2675 689 2731; x_wconf 90' lang='lat' dir='ltr'>rei</span> <span class='ocrx_word' id='word_1_215' title='bbox 704 2674 836 2748; x_wconf 92' lang='lat' dir='ltr'>publicae</span> <span class='ocrx_word' id='word_1_216' title='bbox 850 2675 1011 2734; x_wconf 89' lang='lat' dir='ltr'>rationibus</span> 
     </span>
     <span class='ocr_line' id='line_1_26' title="bbox 66 2772 1011 2849; baseline 0.001 -19"><span class='ocrx_word' id='word_1_217' title='bbox 66 2783 169 2849; x_wconf 91' lang='lat' dir='ltr'>putem</span> <span class='ocrx_word' id='word_1_218' title='bbox 188 2773 359 2831; x_wconf 88' lang='lat' dir='ltr'>conducere.</span> <span class='ocrx_word' id='word_1_219' title='bbox 402 2773 538 2848; x_wconf 89' lang='lat' dir='ltr'>Apertius</span> <span class='ocrx_word' id='word_1_220' title='bbox 559 2782 656 2830; x_wconf 91' lang='lat' dir='ltr'>autem</span> <span class='ocrx_word' id='word_1_221' title='bbox 675 2772 747 2830; x_wconf 90' lang='lat' dir='ltr'>haec</span> <span class='ocrx_word' id='word_1_222' title='bbox 767 2791 824 2847; x_wconf 86' lang='lat' dir='ltr'>ago</span> <span class='ocrx_word' id='word_1_223' title='bbox 839 2792 873 2831; x_wconf 91' lang='lat' dir='ltr'>ac</span> <span class='ocrx_word' id='word_1_224' title='bbox 888 2775 1011 2849; x_wconf 88' lang='lat' dir='ltr'>saepius,</span> 
     </span>
     <span class='ocr_line' id='line_1_27' title="bbox 67 2864 1013 2942; baseline 0.001 -18"><span class='ocrx_word' id='word_1_225' title='bbox 67 2866 149 2942; x_wconf 91' lang='lat' dir='ltr'>quod</span> <span class='ocrx_word' id='word_1_226' title='bbox 177 2875 206 2923; x_wconf 91' lang='lat' dir='ltr'>et</span> <span class='ocrx_word' id='word_1_227' title='bbox 234 2864 370 2936; x_wconf 88' lang='lat' dir='ltr'>Quintus,</span> <span class='ocrx_word' id='word_1_228' title='bbox 397 2865 482 2923; x_wconf 83' lang='lat' dir='ltr'>frater</span> <span class='ocrx_word' id='word_1_229' title='bbox 506 2884 597 2935; x_wconf 90' lang='lat' dir='ltr'>meus,</span> <span class='ocrx_word' id='word_1_230' title='bbox 623 2865 734 2940; x_wconf 89' lang='lat' dir='ltr'>legatus</span> <span class='ocrx_word' id='word_1_231' title='bbox 759 2876 802 2923; x_wconf 88' lang='lat' dir='ltr'>est</span> <span class='ocrx_word' id='word_1_232' title='bbox 827 2864 959 2924; x_wconf 88' lang='lat' dir='ltr'>Caesaris</span> <span class='ocrx_word' id='word_1_233' title='bbox 984 2878 1013 2925; x_wconf 89' lang='lat' dir='ltr'>et</span> 
     </span>
     <span class='ocr_line' id='line_1_28' title="bbox 66 2963 1012 3041; baseline 0.001 -19"><span class='ocrx_word' id='word_1_234' title='bbox 66 2964 179 3022; x_wconf 92' lang='lat' dir='ltr'>nullum</span> <span class='ocrx_word' id='word_1_235' title='bbox 200 2981 299 3021; x_wconf 90' lang='lat' dir='ltr'>meum</span> <span class='ocrx_word' id='word_1_236' title='bbox 321 2964 473 3020; x_wconf 91' lang='lat' dir='ltr'>minimum</span> <span class='ocrx_word' id='word_1_237' title='bbox 495 2964 612 3032; x_wconf 89' lang='lat' dir='ltr'>dictum,</span> <span class='ocrx_word' id='word_1_238' title='bbox 632 2981 693 3021; x_wconf 90' lang='lat' dir='ltr'>non</span> <span class='ocrx_word' id='word_1_239' title='bbox 713 2965 804 3021; x_wconf 90' lang='lat' dir='ltr'>modo</span> <span class='ocrx_word' id='word_1_240' title='bbox 825 2963 942 3036; x_wconf 85' lang='lat' dir='ltr'>facturn,</span> <span class='ocrx_word' id='word_1_241' title='bbox 957 2983 1012 3041; x_wconf 88' lang='lat' dir='ltr'>pro</span> 
     </span>
     <span class='ocr_line' id='line_1_29' title="bbox 67 3060 1012 3136; baseline -0.001 -17"><span class='ocrx_word' id='word_1_242' title='bbox 67 3061 195 3120; x_wconf 89' lang='lat' dir='ltr'>Caesare</span> <span class='ocrx_word' id='word_1_243' title='bbox 216 3061 384 3130; x_wconf 87' lang='lat' dir='ltr'>intercessit,</span> <span class='ocrx_word' id='word_1_244' title='bbox 406 3060 486 3135; x_wconf 93' lang='lat' dir='ltr'>quod</span> <span class='ocrx_word' id='word_1_245' title='bbox 507 3060 553 3117; x_wconf 90' lang='lat' dir='ltr'>ille</span> <span class='ocrx_word' id='word_1_246' title='bbox 574 3077 635 3118; x_wconf 92' lang='lat' dir='ltr'>non</span> <span class='ocrx_word' id='word_1_247' title='bbox 660 3061 699 3117; x_wconf 92' lang='lat' dir='ltr'>ita</span> <span class='ocrx_word' id='word_1_248' title='bbox 722 3060 822 3118; x_wconf 89' lang='lat' dir='ltr'>illustri</span> <span class='ocrx_word' id='word_1_249' title='bbox 846 3063 937 3136; x_wconf 88' lang='lat' dir='ltr'>gratia</span> <span class='ocrx_word' id='word_1_250' title='bbox 961 3080 1012 3118; x_wconf 87' lang='lat' dir='ltr'>ex·</span> 
     </span>
     <span class='ocr_line' id='line_1_30' title="bbox 67 3157 1012 3235; baseline -0.001 -17"><span class='ocrx_word' id='word_1_251' title='bbox 67 3159 186 3235; x_wconf 89' lang='lat' dir='ltr'>ceperit,</span> <span class='ocrx_word' id='word_1_252' title='bbox 208 3168 241 3216; x_wconf 92' lang='lat' dir='ltr'>ut</span> <span class='ocrx_word' id='word_1_253' title='bbox 263 3176 320 3233; x_wconf 91' lang='lat' dir='ltr'>ego</span> <span class='ocrx_word' id='word_1_254' title='bbox 344 3175 412 3215; x_wconf 91' lang='lat' dir='ltr'>eum</span> <span class='ocrx_word' id='word_1_255' title='bbox 436 3157 506 3214; x_wconf 92' lang='lat' dir='ltr'>mihi</span> <span class='ocrx_word' id='word_1_256' title='bbox 531 3158 695 3216; x_wconf 91' lang='lat' dir='ltr'>devinctum</span> <span class='ocrx_word' id='word_1_257' title='bbox 722 3168 863 3234; x_wconf 89' lang='lat' dir='ltr'>putarem.</span> <span class='ocrx_word' id='word_1_258' title='bbox 909 3159 1012 3234; x_wconf 88' lang='lat' dir='ltr'>Itaque</span> 
     </span>
     <span class='ocr_line' id='line_1_31' title="bbox 67 3256 1012 3331; baseline -0.003 -14"><span class='ocrx_word' id='word_1_259' title='bbox 67 3260 131 3317; x_wconf 91' lang='lat' dir='ltr'>eius</span> <span class='ocrx_word' id='word_1_260' title='bbox 146 3256 226 3315; x_wconf 92' lang='lat' dir='ltr'>omni</span> <span class='ocrx_word' id='word_1_261' title='bbox 255 3265 284 3314; x_wconf 90' lang='lat' dir='ltr'>et</span> <span class='ocrx_word' id='word_1_262' title='bbox 310 3257 410 3331; x_wconf 86' lang='lat' dir='ltr'>gratia,</span> <span class='ocrx_word' id='word_1_263' title='bbox 435 3273 510 3330; x_wconf 92' lang='lat' dir='ltr'>quae</span> <span class='ocrx_word' id='word_1_264' title='bbox 538 3273 652 3312; x_wconf 89' lang='lat' dir='ltr'>summa</span> <span class='ocrx_word' id='word_1_265' title='bbox 675 3266 726 3325; x_wconf 88' lang='lat' dir='ltr'>est,</span> <span class='ocrx_word' id='word_1_266' title='bbox 749 3265 778 3313; x_wconf 90' lang='lat' dir='ltr'>et</span> <span class='ocrx_word' id='word_1_267' title='bbox 800 3257 913 3331; x_wconf 91' lang='lat' dir='ltr'>opibus,</span> <span class='ocrx_word' id='word_1_268' title='bbox 938 3274 1012 3331; x_wconf 91' lang='lat' dir='ltr'>quas</span> 
     </span>
     <span class='ocr_line' id='line_1_32' title="bbox 69 3353 1013 3430; baseline -0.002 -16"><span class='ocrx_word' id='word_1_269' title='bbox 69 3355 212 3430; x_wconf 85' lang='lat' dir='ltr'>intellegis</span> <span class='ocrx_word' id='word_1_270' title='bbox 227 3372 290 3412; x_wconf 91' lang='lat' dir='ltr'>esse</span> <span class='ocrx_word' id='word_1_271' title='bbox 304 3354 454 3424; x_wconf 89' lang='lat' dir='ltr'>maximas,</span> <span class='ocrx_word' id='word_1_272' title='bbox 471 3355 511 3412; x_wconf 90' lang='lat' dir='ltr'>sic</span> <span class='ocrx_word' id='word_1_273' title='bbox 526 3353 605 3411; x_wconf 88' lang='lat' dir='ltr'>fruor</span> <span class='ocrx_word' id='word_1_274' title='bbox 618 3364 649 3411; x_wconf 92' lang='lat' dir='ltr'>ut</span> <span class='ocrx_word' id='word_1_275' title='bbox 663 3355 753 3424; x_wconf 82' lang='lat' dir='ltr'>meis3</span> <span class='ocrx_word' id='word_1_276' title='bbox 775 3372 830 3412; x_wconf 90' lang='lat' dir='ltr'>nec</span> <span class='ocrx_word' id='word_1_277' title='bbox 850 3354 920 3412; x_wconf 93' lang='lat' dir='ltr'>mihi</span> <span class='ocrx_word' id='word_1_278' title='bbox 933 3355 1013 3412; x_wconf 89' lang='lat' dir='ltr'>aliter</span> 
     </span>
     <span class='ocr_line' id='line_1_33' title="bbox 70 3449 1013 3532; baseline 0.001 -21"><span class='ocrx_word' id='word_1_279' title='bbox 70 3453 202 3532; x_wconf 88' lang='lat' dir='ltr'>potuisse</span> <span class='ocrx_word' id='word_1_280' title='bbox 233 3451 332 3510; x_wconf 90' lang='lat' dir='ltr'>videor</span> <span class='ocrx_word' id='word_1_281' title='bbox 364 3449 515 3508; x_wconf 90' lang='lat' dir='ltr'>hominum</span> <span class='ocrx_word' id='word_1_282' title='bbox 547 3450 725 3526; x_wconf 85' lang='lat' dir='ltr'>perditorum</span> <span class='ocrx_word' id='word_1_283' title='bbox 753 3450 790 3509; x_wconf 89' lang='lat' dir='ltr'>de</span> <span class='ocrx_word' id='word_1_284' title='bbox 816 3469 864 3509; x_wconf 90' lang='lat' dir='ltr'>me</span> <span class='ocrx_word' id='word_1_285' title='bbox 892 3452 1013 3512; x_wconf 87' lang='lat' dir='ltr'>consilia</span> 
     </span>
    </p>
   </div>
   <div class='ocr_carea' id='block_1_4' title="bbox 0 0 1185 3810">
    <p class='ocr_par' dir='ltr' id='par_1_4' title="bbox 0 0 1185 3810">
     <span class='ocr_line' id='line_1_34' title="bbox 0 0 1185 3810; baseline 0 0"><span class='ocrx_word' id='word_1_286' title='bbox 0 0 1185 3810; x_wconf 95' lang='lat' dir='ltr'> </span> 
     </span>
    </p>
   </div>
  </div>
 </body>
</html>
