2348 3788
67 228 111 291 ap.
130 215 196 295 146.]
264 227 376 278 nrrsr.
399 225 449 276 Aa
469 228 691 277 FAMILIARES
712 231 746 278 x.
771 236 822 301 23⁴
945 233 1006 302 275

254 459 320 514 146.
361 455 418 514 AD
440 456 693 516 FAMILIARES
715 456 752 517 X.
775 476 820 531 23.

167 567 233 627 Sca.
255 566 417 629 Cmanomr
437 590 468 629 m
488 591 599 630 rmrnus
620 573 828 631 Araosrosuu
848 589 907 630 vnr.

341 666 412 725 Inus
432 667 534 726 lunms
553 686 635 728 auc.
660 682 727 742 711.

394 791 521 834 PLANCUS
541 794 683 835 CICERONI.

105 905 130 945 1.
163 885 320 953 Nunonan
348 887 535 953 mehercules,
564 890 604 945 mi
632 887 746 960 Cicero,
775 907 822 947 me
849 886 1005 965 paenitebit

60 985 191 1041 maxima
205 985 332 1059 pericula
346 1004 399 1061 pro
414 987 505 1062 patria
520 987 623 1068 subire,
639 987 718 1058 dum,
734 988 758 1045 si
782 989 851 1063 quid
873 987 1005 1046 acciderit

60 1083 141 1152 mihi,
157 1101 174 1140 a
192 1083 417 1158 reprehensione
439 1085 605 1142 temeritatis
626 1086 727 1143 absim.
771 1084 931 1143 Confiterer
951 1086 1004 1141 im-

60 1179 215 1257 prudentia
229 1198 276 1237 me
291 1180 412 1254 lapsum,
427 1181 451 1239 si
466 1200 605 1257 umquam
619 1181 733 1258 Lepido
748 1201 783 1240 ex
800 1184 899 1240 animo
914 1183 1004 1240 credi-

60 1278 187 1349 dissem;
210 1278 361 1336 credulitas
382 1278 460 1336 enim
481 1297 560 1336 error
582 1290 625 1337 est
646 1281 739 1354 magis
758 1298 845 1356 quam
867 1279 959 1355 culpa,
975 1292 1004 1337 et

60 1375 179 1452 quidem
193 1374 224 1432 in
238 1375 340 1450 optimi
357 1376 497 1451 cuiusque
515 1386 644 1434 mentem
659 1376 791 1434 facillime
806 1376 927 1450 inrepit:
951 1376 1003 1432 sed

60 1489 117 1547 ego
139 1489 200 1528 non
216 1471 273 1529 hoc
287 1472 356 1530 vitio
378 1490 471 1548 paene
493 1491 558 1532 sum
580 1473 735 1550 deceptus;
758 1473 903 1548 Lepidum
925 1474 1002 1530 enim

59 1570 179 1646 pulchre
197 1587 308 1627 noram.
351 1569 431 1641 Quid
450 1589 520 1646 ergo
540 1573 603 1631 est?
624 1573 718 1648 pudor
739 1591 796 1642 me,
812 1572 860 1648 qui
879 1572 909 1628 in
926 1571 1002 1629 bello

59 1669 187 1726 maxime
202 1678 245 1726 est
260 1669 446 1743 periculosus,
462 1669 539 1728 hunc
554 1689 654 1729 casum
674 1672 771 1746 coegit
787 1672 900 1743 subire;
923 1689 1000 1742 nam,

58 1768 115 1826 nisi
130 1785 190 1824 uuo
204 1768 270 1825 loco
285 1785 388 1836 essem,
403 1769 522 1826 verebar
539 1787 576 1826 ne
596 1770 641 1826 cui
656 1771 879 1826 obtrectatorum
893 1768 1001 1826 viderer

58 1876 88 1923 et
106 1866 228 1922 nimium
248 1865 430 1939 pertinaciter
447 1866 560 1941 Lepido
585 1866 715 1924 offensus
734 1876 763 1923 et
781 1883 847 1924 mea
865 1867 1000 1941 patientia

58 1964 145 2021 etiam
167 1963 241 2020 alere
258 1963 373 2020 bellum.
417 1982 442 2020 2.
465 1964 567 2040 Itaque
590 1965 689 2040 copias
703 1981 794 2040 prope
809 1963 838 2020 in
859 1981 1000 2038 conspec-

57 2072 120 2120 tum
145 2060 248 2134 Lepidi
272 2060 451 2135 Antoniique
479 2063 587 2120 adduxi
615 2063 861 2138 quadragintaque
888 2061 999 2117 milium

57 2177 197 2236 passuum
215 2159 310 2233 spatio
324 2158 422 2216 relicto
438 2159 558 2216 consedi
574 2179 611 2218 eo
625 2161 754 2230 consilio
771 2168 800 2216 ut
814 2159 858 2216 vel
871 2157 999 2216 celeriter

57 2257 195 2316 accedere
207 2256 251 2312 vel
263 2255 421 2314 salutariter
431 2257 557 2332 recipere
568 2275 615 2316 me
626 2276 751 2333 possem.
788 2255 997 2314 Adiunxi'haec

56 2356 87 2413 in
109 2355 175 2412 loco
197 2354 340 2428 eligendo,
357 2353 466 2410 flumen
487 2356 654 2431 oppositum
675 2364 707 2412 ut
727 2355 872 2424 haberem,
887 2355 917 2410 in
938 2371 997 2428 quo

56 2471 139 2512 mora
163 2454 297 2510 transitus
322 2461 406 2522 esset,
423 2452 560 2510 Vocontii
583 2455 637 2511 sub
660 2455 749 2511 manu
769 2463 801 2511 ut
822 2463 926 2524 essent,
945 2472 997 2528 per

56 2569 181 2626 quorum
205 2550 270 2607 loca
299 2549 419 2607 fideliter
442 2549 513 2606 mihi
537 2559 647 2624 pateret
674 2551 733 2607 iter.
776 2549 904 2625 Lepidus
932 2551 996 2608 des-

56 2658 158 2724 perato
177 2647 302 2705 adventu
322 2665 398 2719 meo,
415 2666 503 2723 quem
524 2666 584 2704 non
605 2647 786 2705 mediocriter
805 2649 947 2723 captabat,
965 2667 996 2706 se

56 2763 124 2803 cum
145 2746 274 2804 Antonio
296 2746 445 2804 coniunxit
466 2765 491 2802 a.
512 2745 539 2802 d.
558 2764 610 2803 1111.
625 2745 690 2802 Kal.
706 2745 812 2815 Iunias,
832 2745 996 2821 eodemque

55 2844 104 2901 die
125 2843 162 2901 ad
183 2863 229 2902 me
251 2856 343 2902 castra
364 2854 532 2914 moverunt3
555 2844 655 2918 viginti
676 2843 752 2900 milia
769 2861 907 2918 passuum
928 2861 995 2902 cum

55 2942 198 3010 abessent,
221 2959 266 2997 res
285 2941 355 2997 mihi
377 2942 507 2998 nuntiata
527 2950 578 3000 est.
622 2959 648 3014 3.
670 2940 745 2998 Dedi
767 2959 886 3016 operam
908 2941 995 2998 deum

54 3040 240 3112 benignitate,
254 3045 286 3092 ut
305 3045 333 3092 et
354 3039 482 3095 celeriter
500 3056 548 3094 me
566 3039 724 3114 reciperem
743 3038 831 3096 ethic
850 3038 994 3098 discessus

54 3137 126 3194 nihil
151 3136 236 3208 fugae
261 3132 351 3189 simile
375 3133 501 3205 haberet,
522 3153 582 3194 non
605 3137 687 3196 miles
711 3137 792 3207 ullus,
815 3154 875 3194 non
895 3155 993 3212 eques

54 3253 116 3294 non
139 3234 293 3307 quicquam
319 3228 590 3303 impedimentorum
613 3236 787 3293 amitteretur
810 3244 859 3292 aut
883 3235 920 3292 ab
941 3235 994 3293 illis

54 3328 230 3390 ferventibus
251 3324 409 3384 latronibus
432 3328 654 3407 interciperetur.
695 3333 796 3408 Itaque
817 3331 910 3408 pridie
932 3331 994 3390 No·

54 3445 108 3487 nas
129 3423 222 3464 rnna<
251 3439 352 3479 amnes
373 3425 472 3502 copias
486 3426 597 3487 Isaram
619 3429 714 3489 traieci
734 3440 904 3508 pontesque,
919 3448 993 3509 quos

500 3541 520 3586 Τ
535 3542 551 3584 2
