2348 3788
72 193 185 283 epra]
313 213 425 262 amsa
443 212 493 261 ru
513 213 679 265 ametur
696 215 734 264 n·
749 219 777 263 1.
953 201 1011 265 161

70 364 158 422 velim
174 364 274 420 iubeas
287 363 452 439 plurimum.
496 383 522 422 a.
543 364 593 423 Tu
606 375 688 423 tuum
708 363 862 423 consilium
881 364 934 424 etsi
953 381 1014 422 non

70 463 101 519 in
119 461 311 536 longinquum
331 473 445 537 tempus
465 461 661 520 differs-iam
682 464 760 521 enim
781 461 861 520 illum
882 472 1014 538 emptum

69 559 286 634 pacificatorem
306 575 457 633 perorasse
477 568 557 634 puto,
572 560 631 615 iam
651 571 749 616 actum
769 556 877 635 aliquid
897 575 961 616 esse
982 559 1014 616 in

69 675 213 715 consessu
236 663 565 713 senatomm—senatum
589 657 668 714 enim
688 674 749 714 non
770 667 892 731 puto—,
914 666 1013 714 tamen

69 772 245 830 suspensum
260 772 307 810 me
320 753 389 810 inde
401 763 490 822 tenes,
503 753 555 811 sed
565 772 601 811 eo
615 754 720 822 minus,
730 752 811 830 quod
825 771 885 811 non
901 752 1013 823 dubito,

69 853 141 927 quid
155 852 239 908 nobis
253 850 399 925 agendum
414 859 505 926 putes.
541 850 600 922 Qui
614 851 693 908 enim
708 850 806 908 Flavio
822 850 970 926 legionem
984 860 1014 908 et

70 949 197 1007 Siciliam
212 949 273 1006 dari
287 948 395 1005 scribas
409 957 438 1004 et
451 948 481 1005 id
494 949 551 1005 iarn
566 948 634 1018 fieri,
647 967 720 1024 quae
735 957 766 1004 tu
781 947 890 1005 scelera
903 947 1011 1022 partim

68 1047 163 1122 parari
178 1047 235 1103 iam
250 1056 278 1102 et
296 1046 424 1119 cogitari,
440 1047 544 1120 partim
563 1064 600 1103 ex
620 1055 751 1121 tempore
772 1044 867 1102 futura
886 1045 1009 1103 censes?

69 1146 136 1220 Ego
150 1162 218 1201 vero
234 1142 357 1213 Solonis,
373 1143 520 1218 popularis
535 1145 582 1213 tui,
598 1152 629 1201 ut
644 1154 715 1219 puto
730 1143 817 1201 etiam
831 1141 897 1211 mei,
914 1141 1009 1217 legem

69 1243 233 1317 neglegam,
243 1240 292 1316 qui
302 1241 395 1316 capite
407 1242 510 1310 sanxit,
521 1241 544 1298 si
556 1241 605 1315 qui
619 1241 649 1298 in
665 1240 806 1298 seditione
819 1256 881 1296 non
896 1238 1011 1297 alterius

69 1343 161 1400 utrius
186 1341 273 1414 partis
295 1340 405 1408 fuisset,
425 1346 458 1409 et,
480 1340 535 1398 nisi
560 1340 583 1397 si
608 1349 640 1397 tu
660 1339 740 1396 aliter
761 1355 871 1402 censes,
893 1346 921 1395 et
942 1336 1009 1396 hinc

70 1440 159 1496 abero
181 1448 210 1495 et
230 1437 316 1507 illim;
341 1437 393 1495 sed
414 1437 534 1494 alterum
555 1436 626 1494 mihi
647 1446 690 1494 est
713 1437 825 1506 certius,
848 1453 903 1493 nec
927 1452 1010 1510 prae·

71 1536 176 1611 cipiam
196 1546 309 1592 tamen:
332 1535 508 1610 exspectabo
525 1543 607 1591 tuum
622 1533 774 1593 consilium
789 1543 817 1591 et
832 1550 881 1591 eas
896 1531 1010 1602 litteras,

71 1634 127 1691 nisi
141 1632 210 1690 alias
225 1633 283 1689 iam
297 1632 407 1702 dedisti,
418 1650 490 1708 quas
504 1632 603 1706 scripsi
616 1640 648 1689 ut
663 1629 833 1706 Cephalioni
848 1630 939 1688 dares.
982 1646 1012 1704 3.

73 1729 163 1801 Quod
189 1728 298 1797 scribis,
319 1746 380 1786 non
405 1747 464 1804 quo
489 1729 604 1787 aliunde
626 1728 758 1798 audieris,
785 1728 838 1786 sed
862 1737 890 1786 te
914 1727 1010 1802 ipsum

72 1838 174 1901 putare
195 1844 242 1882 me
262 1834 412 1883 attractum
431 1826 473 1896 iri,
488 1826 512 1883 si
531 1825 567 1883 de
586 1843 658 1900 pace
678 1834 786 1900 agatur,
801 1823 872 1881 mihi
890 1823 1011 1881 omnino

73 1942 134 1982 non
149 1925 226 1981 venit
240 1924 270 1980 in
285 1932 421 1993 mentem,
436 1941 510 1998 quae
525 1923 617 1998 possit
631 1923 705 1980 actio
720 1940 784 1981 esse
799 1920 835 1980 de
849 1939 930 1997 pace,
943 1938 1010 1979 cum

74 2023 113 2079 illi
127 2021 318 2079 certissimum
339 2022 381 2092 sit,
398 2022 422 2079 si
443 2020 543 2096 possit,
563 2019 724 2096 exspoliare
746 2019 872 2078 exercitu
893 2026 922 2076 et
941 2034 1010 2094 pro·

74 2122 167 2179 vincia
181 2122 361 2197 Pompeium,
376 2123 431 2180 nisi
441 2121 514 2180 forte
528 2121 580 2179 iste
594 2121 772 2179 nummarius
786 2121 812 2178 ei
832 2127 927 2195 potest
945 2137 1011 2194 per·

74 2220 206 2289 suadere,
215 2229 253 2290 ut,
266 2220 335 2278 dum
349 2228 478 2278 oratores
493 2228 560 2277 eant
574 2228 601 2278 et
616 2218 742 2288 redeant,
757 2218 894 2295 quiescat.
931 2216 1011 2276 Nihil

73 2318 167 2387 vide0,
183 2317 262 2392 quod
277 2335 391 2392 sperem
406 2327 454 2374 aut
468 2317 548 2392 quod
562 2317 619 2374 iarn
634 2326 734 2392 putem
751 2315 810 2374 fieri
830 2331 935 2391 posse;
958 2313 1011 2373 sed

73 2426 172 2473 tamen
186 2415 311 2472 hominis
325 2414 382 2473 hoc
396 2415 492 2490 ipsum
505 2414 589 2490 probi
603 2423 655 2472 est.
699 2412 842 2489 Magnum
856 2420 901 2471 est
920 2422 948 2470 et
961 2418 1012 2468 τῶν

74 2514 276 2569 πολιτικωτάτων
294 2514 452 2583 σκεμμάτων,
466 2510 678 2570 veniendumne
694 2511 730 2570 sit
748 2511 778 2570 ln
796 2509 949 2569 consillum
968 2519 1010 2586 ly·

75 2606 167 2675 ranni,
182 2606 205 2663 si
219 2606 243 2664 is
257 2606 352 2682 aliqua
367 2608 403 2665 de
418 2624 448 2664 re
462 2607 541 2664 bona
562 2605 768 2664 deliberaturus
787 2605 838 2677 sit;
854 2621 912 2680 qua
931 2622 970 2674 re,
986 2605 1010 2664 si

75 2704 145 2779 quid
169 2704 229 2761 eius
250 2704 331 2762 modi
353 2703 485 2773 evenerit,
504 2711 537 2760 ut
557 2702 856 2779 arcessamur-quod
876 2701 1011 2777 equidem

74 2819 136 2859 non
151 2818 236 2870 curo;
258 2801 328 2878 quid
342 2802 420 2859 enim
439 2819 534 2859 essem
555 2800 591 2858 de
610 2819 683 2876 pace
702 2800 837 2870 dicturus,
852 2797 929 2870 dixi,
949 2799 1012 2876 ipse

74 2893 157 2952 valde
184 2895 391 2969 repudiavit-,
416 2894 469 2953 sed
496 2903 603 2965 tamen,
628 2894 652 2951 si
679 2893 749 2969 quid
778 2891 918 2964 acciderit,
941 2891 1011 2969 quid

74 3007 195 3049 censeas
210 2991 280 3049 mihi
298 2990 471 3061 faciendum,
486 2990 584 3066 utique
601 2989 733 3062 scribito;
756 2989 825 3048 nihil
843 2989 921 3048 enim
940 2989 1011 3047 mihi

74 3084 170 3142 adhuc
185 3085 296 3155 accidit,
311 3084 392 3160 quod
405 3084 522 3143 maioris
537 3083 648 3142 consilii
661 3091 745 3142 esset.
788 3081 926 3154 Trebatii,
938 3083 1011 3141 boni

74 3178 127 3234 viri
154 3187 181 3235 et
209 3179 286 3249 civis,
307 3179 400 3237 verbis
428 3187 456 3235 te
483 3177 597 3253 gaudeo
622 3177 804 3247 delectatum,
825 3186 931 3252 tuaque
954 3175 1009 3234 ista

75 3273 175 3330 crebra
191 3274 333 3344 ἐκφώνῃσις
347 3267 473 3346 ‘inipso'
488 3288 536 3328 me
555 3269 617 3328 sola
638 3270 733 3329 adhuc
754 3269 910 3329 delectavit.
950 3267 1009 3328 Lit-

75 3381 150 3429 teras
167 3379 230 3428 tuas
249 3370 432 3429 vehementer
450 3377 597 3444 exspecto,
612 3385 684 3446 quas
705 3366 823 3444 quidem
843 3363 930 3425 credo
951 3366 1009 3426 iam

532 3481 556 3524 ι
