2348 3788
123 202 186 270 254
392 199 431 247 ru.
455 198 577 246 rurrrr
598 198 785 247 crcrnorvrs
955 187 1021 271 [Pars
1035 203 1060 248 v.

122 349 220 406 firmus
237 333 281 406 est
300 357 328 406 et
347 357 449 405 rectus.
492 347 552 405 Ser.
574 346 690 422 Sulpicii
710 356 803 405 morte
822 366 965 424 magnum
984 366 1061 425 prae·

122 447 227 504 sidium
246 447 402 504 amisimus.
447 464 473 518 3.
495 444 610 520 Reliqui
630 445 734 521 partim
753 445 867 516 inertes,
889 447 996 522 partim
1014 448 1061 505 im-

121 545 206 619 probi
218 563 225 615 ;
247 561 307 601 non
321 543 391 600 nulli
405 542 533 600 invident
547 560 646 601 eorum
660 542 745 612 laudi,
760 561 836 618 quos
852 544 884 602 in
900 563 932 603 re
951 546 1061 621 publica

120 641 239 716 probari
262 640 375 711 vident;
411 641 512 717 populi
539 658 607 699 vero
636 639 764 698 Romani
791 641 941 720 totiusque
967 642 1061 700 Italiae

121 740 194 796 mira
222 738 377 796 consensio
405 748 455 795 est.
500 735 583 796 Haec
611 748 694 795 erant
720 737 788 818 fere,
814 757 889 814 quae
918 739 969 797 tibi
998 751 1061 798 nota

121 854 185 893 esse
205 834 322 904 vellem;
346 852 423 893 nunc
445 845 542 892 autem
561 845 640 910 opto,
658 845 690 892 ut
710 827 747 892 ab
768 836 829 894 istis
851 834 981 895 Orientis
1002 855 1060 912 par-

119 929 196 988 tibus
210 928 320 987 virtutis
334 937 400 986 tuae
413 928 511 986 lumen
526 927 645 986 eluceat.
688 927 771 987 Vale.

312 1088 379 1144 129.
419 1084 479 1143 no
500 1083 753 1144 rnurnmrms
775 1085 811 1144 rr
834 1105 883 1162 31.

201 1199 266 1261 Sere.
290 1195 451 1259 Cornuana
472 1217 546 1259 xvm
561 1200 638 1259 Knr.
659 1201 786 1259 Ammrs
806 1218 890 1261 huc.
916 1214 992 1276 7-11.

336 1323 362 1365 c.
377 1316 486 1365 nsuu'us
506 1324 609 1366 rorrro
629 1324 763 1365 crcrnoru
782 1323 803 1364 s.
819 1325 847 1364 n.

164 1441 189 1481 1.
212 1421 330 1480 Murum
349 1421 454 1478 mirum
472 1421 523 1479 tibi
543 1422 629 1479 debet
649 1421 738 1479 videri
757 1421 828 1479 nihil
846 1439 894 1479 me
914 1422 1061 1498 scripsisse

119 1521 156 1580 de
170 1540 201 1579 re
219 1519 343 1596 publiea,
358 1526 549 1594 posteaquam
568 1519 640 1576 itum
653 1529 698 1577 est
716 1519 754 1577 ad
773 1537 868 1589 arma;
891 1533 961 1576 nam
977 1521 1061 1578 saltus

120 1616 348 1687 Castulonensis,
368 1615 417 1691 qui
436 1633 551 1691 semper
571 1618 662 1675 tenuit
682 1627 797 1675 nostros
818 1617 991 1688 tabellarios,
1011 1619 1060 1677 etsi

119 1733 198 1774 nune
212 1713 453 1789 frequentioribus
471 1713 627 1772 latrociniis
647 1715 777 1773 infestior
791 1714 882 1773 factus
896 1725 949 1786 est,
965 1725 1060 1774 tamen

120 1829 304 1888 nequaquam
322 1820 402 1868 tanta
423 1811 453 1868 in
473 1829 555 1870 mora
574 1822 625 1883 est,
640 1823 749 1888 quanta
768 1814 816 1888 qui
834 1812 907 1871 locis
925 1815 1059 1872 omnibus

121 1912 252 1987 dispositi
273 1911 310 1967 ab
330 1920 450 1985 utraque
470 1917 550 1985 parte
572 1920 733 1968 scrutantur
757 1909 920 1968 tabellarios
942 1920 973 1970 et
998 1913 1059 1970 reti-

119 2020 197 2068 nent.
239 2009 341 2085 Itaque
366 2008 421 2065 nisi
444 2026 516 2066 nave
538 2007 662 2083 perlatae
684 2008 792 2065 litterae
813 2017 918 2079 essent,
938 2011 1059 2069 omnino

118 2108 270 2178 nescirem,
293 2107 362 2182 quid
387 2105 449 2164 istic
474 2106 561 2165 fieret.
602 2105 690 2163 Nunc
710 2123 779 2163 vero
804 2115 906 2163 nactus
927 2110 1058 2167 occasio-

118 2225 196 2270 nem,
216 2215 318 2282 postea
338 2222 427 2279 quam
448 2204 575 2279 navigari
596 2213 733 2280 coeptum
754 2213 806 2274 est,
823 2204 1011 2280 cupidissime
1031 2217 1059 2266 et

118 2321 207 2377 quam
228 2303 398 2361 creberrime
417 2311 520 2378 potero
543 2302 666 2360 scribam
686 2301 724 2359 ad
744 2310 780 2359 te.
826 2318 851 2360 a.
873 2301 920 2359 Ne
941 2320 1060 2379 movear

117 2403 179 2458 eius
199 2402 388 2471 sermonibus,
404 2418 491 2475 quem
508 2399 622 2457 tametsi
641 2416 729 2456 nemo
750 2408 793 2457 est
811 2399 860 2474 qui
874 2399 971 2458 videre
984 2404 1057 2475 velit,

117 2508 215 2555 tamen
236 2516 421 2573 nequaquam
440 2497 561 2572 proinde
581 2515 615 2554 ac
635 2497 740 2573 dignus
759 2507 803 2555 est
822 2497 946 2555 oderunt
965 2498 1058 2558 homi-

117 2612 178 2664 nes
197 2596 356 2670 periculum
378 2605 517 2653 nonest:
540 2595 614 2653 adeo
637 2604 681 2652 est
701 2595 779 2652 enim
799 2596 905 2653 invisus
926 2596 1006 2669 mihi,
1027 2610 1059 2658 ut

116 2692 187 2750 nihil
208 2711 269 2750 non
291 2695 426 2751 acerbum
447 2702 555 2768 putem,
575 2692 655 2767 quod
674 2710 830 2750 commune
848 2710 916 2750 cum
935 2692 984 2751 illo
1004 2697 1057 2768 sit;

117 2799 218 2847 natura
243 2801 339 2848 autem
367 2810 433 2849 mea
460 2801 489 2848 et
520 2791 613 2849 studia
640 2791 754 2848 trahunt
781 2809 828 2848 me
856 2791 893 2848 ad
921 2793 1002 2867 pacis
1030 2807 1060 2853 et

116 2888 253 2946 libertatis
277 2889 472 2963 cupiditatem.
515 2890 616 2965 Itaque
644 2889 712 2946 illud
741 2890 853 2947 initium
877 2890 966 2948 civilis
991 2893 1059 2951 belli

118 3005 206 3062 saepe
226 2986 345 3058 deflevi;
368 3006 435 3045 cum
455 3005 523 3046 vero
544 3005 605 3045 non
625 2987 722 3045 liceret
747 2988 817 3044 mihi
842 2987 946 3045 nullius
969 2991 1059 3064 partis

117 3103 190 3154 esse,
204 3085 272 3160 quia
290 3086 442 3160 utrubique
461 3103 585 3159 magnos
603 3086 736 3143 inimicos
750 3085 901 3154 habebam,
917 3102 952 3141 ea
966 3097 1061 3147 castra

117 3182 186 3257 fugi,
202 3182 232 3238 in
246 3183 350 3258 quibus
364 3183 450 3257 plane
463 3191 556 3240 tutum
570 3201 617 3240 me
632 3184 669 3240 ab
684 3183 794 3241 insidiis
808 3182 915 3239 inimici
930 3183 1060 3244 sciebam

117 3297 180 3337 non
204 3279 348 3353 futurum3
374 3281 541 3356 compulsus
564 3298 609 3350 eo,
633 3299 691 3355 quo
715 3281 832 3337 minime
854 3279 997 3351 volebam,
1021 3302 1061 3342 ne

118 3377 147 3434 in
172 3379 307 3438 extremis
332 3398 426 3437 essem
460 3380 545 3442 plane
569 3379 691 3436 pericula
718 3396 777 3426 non
805 3378 966 3436 dubitanter
991 3381 1059 3441 adii.
