2356 3810
136 658 204 753 M.
242 659 487 756 TULLII
535 662 923 758 CICERONIS
998 774 1000 779 ,

185 887 519 962 ἘΡΙετοιΑΕ
560 889 859 964 senscrnn.

436 1088 556 1154 PARS
587 1092 630 1159 11.

291 1262 339 1347 ao.
380 1258 438 1316 nn
459 1257 653 1318 arricum
674 1257 728 1320 iv.
751 1277 778 1321 1.

63 1383 65 1443 1
129 1379 195 1442 Sca
216 1379 324 1439 Ronan
344 1400 435 1441 nrnnro
455 1401 548 1440 nnnsn
570 1382 736 1442 Serranam
756 1400 839 1442 nuc.
860 1383 925 1456 697.

380 1515 482 1556 cronno
503 1515 609 1557 amco
629 1516 690 1557 sm„

107 1638 132 1677 1.
155 1617 228 1679 Cura
247 1619 372 1694 primum
392 1619 518 1677 Romam
538 1621 610 1693 veni,
625 1620 738 1696 fuitque
753 1620 799 1679 cui
817 1630 894 1697 recte
912 1619 950 1678 ad
973 1630 1001 1677 te

61 1718 169 1776 litteras
183 1717 290 1787 darem,
305 1718 375 1775 nihil
389 1719 468 1792 prius
482 1718 647 1778 faciendum
660 1719 730 1777 mihi
744 1720 849 1796 putavi,
864 1736 951 1795 quarn
970 1729 1002 1776 ut

61 1815 114 1874 tibi
129 1815 241 1873 absenti
256 1815 292 1872 de
302 1815 395 1872 reditu
409 1825 509 1874 nostro
520 1817 691 1890 gratularer3
711 1834 871 1892 cognoram
882 1816 1001 1874 enim—

62 1924 96 1971 ut
109 1930 176 1970 vere
189 1912 382 1970 scribam-te
395 1913 425 1968 in
440 1912 567 1972 consiliis
581 1914 651 1970 mihi
665 1914 767 1972 dandis
781 1931 836 1971 nec
855 1911 1002 1970 fortiorem

62 2028 118 2070 nec
142 2009 358 2085 prudentiorem
381 2028 468 2084 quarn
491 2011 670 2086 meipsum,
692 2030 741 2069 me
767 2013 854 2070 etiarn
881 2021 1001 2086 propter

61 2121 160 2168 meam
174 2108 210 2164 in
218 2116 246 2164 te
259 2108 471 2165 observantiam
484 2108 605 2166 nimium
620 2109 650 2166 in
664 2109 794 2167 custodia
807 2109 907 2167 salutis
917 2126 1000 2166 meae

62 2208 241 2298 diligentem)
260 2203 444 2279 eundemque
463 2214 500 2274 te,
514 2206 564 2280 qui
582 2207 682 2280 primis
702 2207 879 2282 temporibus
899 2205 1002 2263 erroris

61 2304 154 2364 nostri
174 2310 223 2360 aut
241 2302 337 2376 potius
357 2301 462 2360 furoris
479 2303 622 2378 particeps
643 2314 671 2362 et
692 2304 755 2364 falsi
776 2305 886 2363 timoris
908 2303 1003 2361 socius

61 2403 174 2470 fuisses,
185 2400 367 2457 acerbissime
378 2399 530 2458 discidium
540 2410 672 2459 nostrum
683 2403 781 2466 tulisse
790 2402 1002 2483 plurimumque

61 2516 181 2576 operae,
193 2496 288 2577 studii,
297 2495 469 2571 diligentiae,
480 2497 586 2556 laboris
600 2499 638 2556 ad
653 2500 865 2558 conficiendum
880 2499 1003 2556 reditum

61 2613 161 2660 meum
177 2594 350 2653 contulisse:
368 2613 394 2652 a.
409 2595 503 2669 itaque
517 2595 574 2653 hoc
588 2597 638 2653 tibi
652 2615 717 2655 vere
732 2597 862 2667 adfirm0,
878 2597 907 2653 in
921 2614 1003 2652 max·

61 2694 121 2752 ima
140 2691 247 2748 laetitia
265 2699 294 2748 et
312 2691 529 2765 exoptatissima
542 2693 731 2766 gratulatione
746 2711 836 2750 unum
851 2692 888 2750 ad
903 2694 1003 2750 cumu-

62 2790 184 2851 landum
203 2787 341 2863 gaudium
356 2798 546 2864 conspectum
561 2801 609 2847 aut
623 2791 719 2865 potius
733 2791 918 2865 complexum
932 2789 1002 2846 mihi

62 2898 146 2947 tuum
165 2884 309 2943 defuisse·
302 2903 419 2960 ,quem
438 2887 528 2944 semel
546 2899 648 2946 nactus
668 2888 690 2946 si
704 2905 843 2963 umquam
858 2887 1001 2957 dimiser,

62 3004 97 3044 ac
116 2983 173 3042 nisi
192 2970 280 3041 etiam
301 2984 538 3087 praetermissosxl
540 2983 648 3044 fructus
667 2996 733 3044 tuae
755 2986 899 3043 suavitatis
921 2903 1026 3177 prae&

63 3082 138 3146 teriti
160 3081 298 3156 temporis
321 3099 424 3139 omnes
446 3038 578 3158 exegero,
570 3054 727 3159 prolecto
748 3083 803 3141 hac
824 3084 1002 3141 restitutione

63 3179 197 3239 fortunae
222 3197 270 3236 me
295 3179 356 3255 ipse
381 3197 442 3236 non
466 3182 534 3237 satis
558 3181 678 3255 dignum
701 3181 843 3239 iudicabo.
890 3200 914 3254 3
938 3179 1002 3238 Nos

64 3277 160 3337 adhuc
181 3277 211 3334 in
231 3287 329 3335 nostro
349 3286 433 3346 statu,
451 3278 531 3352 quod
550 3277 712 3335 difficillime
732 3277 894 3352 recuperari
914 3295 1002 3352 posse

62 3375 190 3435 arbitrati
206 3393 319 3447 sumus,
330 3375 513 3452 splendorem
528 3386 659 3434 nostrum
673 3375 751 3432 illum
766 3374 911 3434 forensem
926 3384 954 3433 et
972 3375 1002 3432 in
