2356 3810
160 213 219 278 108
436 224 474 273 u.
500 224 622 272 ruram
642 223 831 272 croanours
984 208 1052 292 [aaa
1067 221 1100 269 11.

157 394 218 433 rem
241 373 338 433 redeo.
380 372 523 432 Meditare
544 373 680 433 adversus
705 372 827 432 Brutum
851 390 970 431 causam
994 390 1101 444 meam,

157 475 181 532 si
205 474 276 531 haec
300 482 460 542 causaest,
483 482 583 530 contra
607 490 695 548 quam
720 472 789 528 nihil
814 471 936 528 honeste
961 469 1018 528 dici
1046 487 1102 544 po-

155 580 219 640 test,
234 569 401 645 praesertim
419 587 485 626 cum
503 570 645 644 integram
663 587 724 627 rem
743 578 771 625 et
790 586 908 626 causam
927 567 1100 643 reliquerim.

159 685 203 737 14.
225 666 347 742 Reliqua
371 675 438 724 sunt
463 666 629 724 domestica.
672 664 718 723 De
746 667 876 741 ἔνδομύχῳ
896 665 990 739 probo
1011 663 1100 734 idem,

155 763 235 839 quod
253 773 291 834 tu,
307 763 472 822 Postumiae
492 762 559 832 lilio,
575 762 713 838 quoniam
732 760 867 820 Pontidia
885 770 1025 836 nugatur;
1048 761 1101 818 sed

154 861 257 918 vellem
285 860 410 919 adesses.
462 859 491 918 A
518 858 630 930 Quinto
658 848 744 916 fratre
771 858 817 916 his
847 859 996 916 mensibus
1029 858 1101 915 nihil

154 958 346 1033 exspectaris;
378 975 447 1014 narn
475 957 590 1014 Taurus
618 967 736 1032 propter
763 956 844 1014 nives
871 964 938 1013 ante
965 972 1099 1013 mensem

154 1055 270 1112 Iunium
294 1055 407 1113 transiri
431 1071 493 1111 non
520 1062 624 1129 potest.
666 1054 837 1123 Thermum,
859 1061 892 1110 ut
915 1070 1011 1128 rogas,
1038 1071 1099 1110 cre-

154 1153 286 1210 berrimis
307 1152 403 1210 litteris
424 1150 520 1210 fulcio,
561 1149 595 1207 P.
610 1150 758 1209 Valerium
779 1159 868 1225 negat
888 1149 995 1208 habere
1017 1150 1099 1224 quic·

155 1267 243 1324 quam
267 1248 419 1306 Deiotarus
447 1266 507 1318 rex,
532 1266 657 1324 eumque
685 1248 723 1305 ait
751 1265 782 1305 se
811 1256 979 1304 sustentare.
1022 1246 1099 1304 Cum

155 1348 238 1418 scieS,
261 1346 375 1405 Romae
396 1345 595 1403 intercalatum
616 1346 652 1402 sit
672 1362 774 1415 necne,
795 1343 880 1400 velim
901 1342 937 1400 ad
958 1361 1006 1400 me
1029 1347 1098 1402 scri-

154 1446 207 1501 bas
228 1454 347 1514 certum,
366 1460 426 1518 quo
446 1442 492 1500 die
515 1443 650 1518 mysteria
670 1441 765 1499 futura
785 1440 850 1498 sint.
892 1439 1013 1498 Litteras
1034 1451 1098 1499 tuas

154 1542 250 1598 minus
274 1540 361 1615 paulo
386 1548 534 1617 exspecto,
559 1538 697 1616 quamsi
722 1537 838 1596 Romae
863 1555 951 1610 esses,
977 1538 1031 1596 sed
1055 1549 1099 1597 ta·

155 1654 223 1694 men
236 1646 382 1714 exspecto.

351 1817 398 1872 37.
440 1811 497 1870 ΑΙ)
519 1809 770 1869 FAMILIARES
792 1810 831 1870 II.
857 1829 902 1886 13.

228 1923 293 1986 Scu.
315 1924 485 1985 Lnonrcnmr
499 1944 592 1984 urrisu
614 1924 697 1984 Maro
712 1943 839 1984 ruauurrr
854 1943 938 1984 nuc.
962 1939 1029 2000 704.

269 2051 300 2092 u.
321 2050 423 2092 crcnao
444 2050 501 2090 rur.
522 2050 545 2091 s.
560 2045 594 2090 ·1>.
615 2050 645 2090 rr.
667 2049 772 2091 clamo
792 2050 892 2090 nanim
912 2045 977 2091 cun.

198 2165 223 2205 1.
244 2146 345 2204 Rauns
360 2155 423 2204 tuas
443 2144 723 2220 quidem-fortasse
742 2147 820 2203 enim
837 2154 899 2204 non'
918 2146 1100 2222 perferuntur

154 2279 204 2315 -,
219 2245 271 2303 sed
290 2262 391 2303 suaves
411 2244 522 2319 accipio
542 2243 657 2314 litteras,
672 2245 717 2302 vel
736 2263 808 2320 quas
828 2246 961 2320 proxime
978 2265 1100 2322 accepe-

153 2361 225 2412 ram,
247 2360 335 2417 quam
356 2343 528 2418 prudentesl
554 2360 643 2417 quam
663 2342 745 2399 multi
765 2352 794 2400 et
813 2343 900 2400 officii
920 2353 950 2400 et
968 2345 1099 2404 consiliii

156 2442 208 2499 etsi
227 2441 327 2497 omnia
348 2442 389 2498 sic
408 2442 613 2498 constitueram
634 2440 704 2498 mihi
724 2441 846 2515 agenda,
860 2452 892 2498 ut
910 2452 941 2500 tu
959 2443 1100 2502 admone·

155 2541 217 2608 bas,
243 2547 341 2596 tamen
365 2538 572 2595 confirmantur
596 2549 695 2617 nostra
720 2539 847 2609 consilia,
869 2557 936 2596 cum
961 2543 1101 2599 sentimus

156 2635 343 2712 prudentibus
358 2635 534 2712 fideliterque
548 2636 734 2694 suadentibus
753 2636 831 2694 idem
845 2637 942 2695 videri.
986 2657 1011 2695 2.
1033 2637 1100 2713 Ego

157 2736 357 2810 Appium—ut
376 2753 462 2810 saepe
483 2745 578 2793 tecum
597 2735 710 2794 locutus
728 2736 916 2794 sum-valde
934 2735 1021 2811 diligo
1039 2755 1101 2794 me·

157 2851 214 2908 que
242 2833 278 2890 ab
305 2849 342 2890 eo
370 2832 449 2907 diligi
477 2834 573 2891 statim
597 2843 737 2909 'coeptum
765 2852 837 2904 esse,
865 2844 897 2891 ut
928 2834 1101 2893 simultatem

158 2931 353 3005 deposuimus,
369 2931 461 3002 sensi;
483 2941 595 2989 namet
611 2931 787 2990 honorificus
808 2932 838 2989 in
859 2950 907 2988 me
929 2933 1030 2990 consul
1049 2932 1102 2991 fuit

105 3090 107 3094 ,
158 3037 187 3086 et
208 3029 302 3087 suavis
324 3029 434 3086 amicus
456 3039 485 3086 et
507 3030 652 3088 studiosus
672 3029 832 3088 studiomm
852 3030 938 3087 etiam
959 3048 1101 3088 meorum.

158 3125 229 3184 Mea
242 3143 310 3183 vero
325 3125 419 3184 officia
434 3127 460 3184 ei
475 3146 535 3185 non
551 3127 675 3186 defuisse
689 3138 721 3186 tu
735 3147 766 3187 es
780 3130 869 3199 testis,
885 3128 931 3186 cui
950 3127 1008 3184 iam
1025 3152 1102 3199 κωμι-

120 3208 122 3215 ’
159 3230 202 3282 κὸς
219 3226 320 3298 μάρτυς,
335 3234 367 3282 ut
389 3226 500 3299 opinor,
517 3226 627 3285 accedit
647 3226 767 3297 Phania,
782 3238 810 3284 et
831 3225 995 3283 mehercule
1015 3225 1103 3282 etiam

159 3323 248 3398 pluris
272 3341 338 3381 eum
364 3320 428 3392 leci,
453 3324 533 3399 quod
556 3335 585 3382 te
610 3325 699 3382 amari
723 3325 761 3382 ab
783 3342 819 3382 eo
841 3323 927 3382 sensi.
969 3321 1032 3378 Iam
1055 3339 1104 3378 me

160 3421 292 3498 Pompeii
311 3431 404 3480 totum
424 3439 488 3480 esse
510 3423 582 3495 scis,
605 3422 726 3480 Brutum
745 3440 763 3480 a
781 3441 828 3480 me
847 3421 936 3479 amari
953 3419 1102 3495 intellegis.
