2356 3810
653 40 678 74 ss

115 223 157 284 42
196 228 199 232 >
393 215 431 266 ur.
455 215 574 264 rurrrr
595 216 783 264 cressonis
955 203 1025 287 [aas
1037 221 1055 267 ι.

116 372 211 444 adQ
235 372 355 431 Publicii
377 381 501 431 statuam
526 373 672 431 decretum
696 383 747 442 est,
770 333 954 447 θῖὂξαιεῑιιι.
976 373 1057 448 quod

117 490 173 546 ego
194 481 272 529 ttee
292 488 366 546 rogo
387 480 416 527 et
436 471 592 541 admoneo,
612 489 650 528 ne
671 470 734 528 talis
755 471 805 527 viri
826 481 945 546 tamque
966 472 1058 529 nostri

118 570 270 628 necessarii
285 569 427 626 honorem
442 569 533 625 minui
547 587 598 643 per
612 578 640 626 te
655 578 703 625 aut
714 569 846 643 impediri
857 569 934 626 velis.
971 569 1057 625 Prae·

118 678 195 724 terea
207 666 318 741 Aesopi
339 660 505 744 [tragoedi],
520 666 611 722 nostri
630 664 784 734 familiaris,
800 665 928 723 Licinius
947 684 1056 734 servus

117 765 169 821 tibi
183 773 277 832 notus
292 762 420 838 aufugit:
441 762 466 819 is
480 761 602 818 Athenis
617 762 696 836 apud
709 760 866 819 Patronem
880 761 1058 837 Epicureum

119 879 171 936 pro
186 861 275 918 libero
290 860 361 932 fuit;
383 859 450 917 inde
469 860 500 916 in
517 859 618 916 Asiam
637 859 722 916 venit.
765 858 872 917 Postea
890 859 974 918 Plato
995 861 1058 936 qui-

119 959 187 1016 dam
203 958 367 1026 Sardianus,
382 957 551 1033 Epicureus,
566 957 616 1032 qui
630 956 752 1036 Athenis
767 957 841 1015 solet
855 975 919 1015 esse
933 958 1058 1015 multum

119 1069 147 1115 et
160 1058 209 1133 qui
223 1068 283 1114 tum
297 1056 419 1115 Athenis
439 1056 539 1125 fuerat,
555 1074 621 1114 cum
640 1054 768 1114 Licinius
788 1074 824 1114 eo
843 1057 976 1127 venisset,
991 1075 1059 1116 cum

119 1173 187 1212 eum
202 1155 352 1230 fugitivum
371 1169 438 1230 esse⁸
456 1164 559 1229 postea
579 1171 616 1211 ex
637 1154 748 1229 Aesopi
769 1154 867 1212 litteris
889 1166 1058 1230 cognosset,

119 1252 269 1310 hominem
288 1251 506 1327 comprehendit
523 1261 551 1308 et
570 1251 600 1308 in
618 1252 781 1310 custodiam
802 1251 912 1327 Ephesi
933 1254 1059 1322 tradidit,

120 1352 172 1409 sed
186 1352 216 1407 in
230 1350 375 1426 publicam
389 1368 428 1408 an
441 1350 471 1406 in
486 1349 638 1424 pistrinum
656 1367 717 1408 non
736 1350 804 1413 satis
823 1368 860 1407 ex
879 1349 980 1408 litteris
999 1352 1061 1408 eius

120 1448 284 1523 intellegere
311 1447 474 1522 potuimus:
504 1456 543 1515 tu,
572 1448 692 1520 ‘quoquo
721 1445 811 1503 modo
840 1457 891 1517 est,
920 1447 1062 1522 quoniam

121 1545 231 1621 Ephesi
242 1555 293 1614 est,
301 1544 450 1602 hominem
461 1543 614 1618 investiges
628 1543 713 1600 velim
728 1561 899 1626 summaque
914 1544 1063 1619 diligentia

122 1642 166 1700 uel
180 1653 276 1699 tecum
290 1641 424 1699 deducas.
461 1639 530 1698 Noli
544 1651 684 1716 spectare,
696 1630 796 1716 quanti
810 1641 900 1698 homo
912 1642 964 1711 sit;
982 1643 1062 1718 parvi

123 1742 200 1798 enim
227 1740 310 1815 pretii
337 1748 388 1808 est,
412 1739 461 1815 qui
489 1740 547 1796 iam
575 1739 654 1796 nihili
682 1750 742 1808 est3
772 1739 824 1797 sed
852 1749 934 1796 tanto
960 1740 1063 1798 dolore

123 1840 258 1912 Aesopus
271 1847 315 1894 est
329 1835 459 1894 adlectus
473 1845 591 1911 propter
606 1837 678 1894 servi
695 1837 789 1894 scelus
809 1847 838 1894 et
856 1837 1017 1908 audaciam,
1031 1850 1064 1896 ut

123 1936 192 1992 nihil
220 1936 245 1993 ei
273 1935 381 2010 gratius
408 1933 502 1991 facere
529 1934 634 2009 possis,
663 1952 751 2010 quam
783 1935 808 1993 si
838 1935 918 1992 illum
951 1954 1003 2012 per
1035 1948 1064 1995 te

123 2033 306 2108 recuperarit.

163 2130 199 2187 V.
226 2144 304 2203 15.r
292 2129 379 2187 Nunc
394 2147 428 2186 ea
442 2146 589 2204 cognosce
592 2147 685 2205 ,quae
699 2131 825 2188 maxime
840 2141 980 2206 exoptas:
1002 2151 1064 2190 rem

123 2228 268 2303 publicam
297 2226 424 2284 funditus
448 2227 605 2296 amisimus,
629 2227 701 2285 adeo
726 2238 758 2285 ut
782 2227 867 2297 Cat,o
891 2229 1065 2345 adulescens

124 2325 227 2382 nullius
250 2324 369 2393 consilii,
391 2324 443 2381 sed
464 2335 562 2381 tamen
587 2325 656 2382 civis
682 2324 834 2383 Romanus
859 2335 888 2383 et
891 2305 995 2403 4(βιιιο,
1018 2329 1066 2384 vix

125 2423 203 2480 vivus
227 2422 374 2496 effugeret,
396 2421 484 2496 quod,
510 2439 577 2478 cum
602 2420 762 2479 Gabinium
787 2423 837 2480 de
847 2369 937 2480 amhit
926 2433 958 2480 tu
983 2424 1068 2481 vellet

125 2519 278 2595 postulare,
289 2537 383 2593 neque
398 2528 545 2592 praetores
561 2518 662 2576 diebus
677 2519 785 2594 aliquot
799 2520 871 2577 adiri
885 2532 1007 2595 possent
1021 2522 1066 2577 vcl

126 2627 299 2694 potestatem
320 2617 364 2673 sui
384 2615 520 2683 facerent,
540 2615 570 2671 in
592 2617 759 2673 contionem
778 2618 909 2674 escendit
930 2628 959 2674 et
980 2617 1067 2675 Pom-

127 2716 224 2790 peium
245 2715 386 2790 privatum
407 2712 576 2770 dictatorem
598 2714 764 2788 appellavit:
790 2716 909 2790 propius
931 2716 1002 2773 nihil
1024 2728 1068 2774 est

127 2814 243 2882 facturn,
269 2830 356 2886 quam
384 2822 415 2869 ut
443 2812 630 2870 occideretur.
672 2812 717 2868 Ex
746 2812 810 2882 hoc,
834 2814 883 2888 qui
912 2814 948 2871 sit
976 2825 1069 2873 status

127 2913 214 2969 totius
242 2911 283 2967 rei
311 2910 450 2984 publicae,
481 2908 575 2966 videre
603 2920 697 2984 potes.
746 2911 791 2967 16.
816 2909 942 2968 Nostrae
970 2923 1070 2970 tamen

129 3026 233 3066 causae
261 3025 322 3064 non
349 3006 480 3064 videntur
509 3006 641 3064 homines
670 3007 808 3065 defuturi:
844 3009 1011 3066 mirandum
1040 3013 1070 3066 in

128 3106 249 3164 modum
277 3105 455 3181 profitentur,
480 3103 605 3162 offerunt
633 3123 672 3172 se,
699 3105 879 3179 pollicentur.
924 3106 1071 3181 Equidem

130 3223 197 3262 cum
222 3221 273 3279 spe
297 3221 361 3260 sum
385 3204 519 3271 maxima,
544 3212 606 3259 tum
629 3204 739 3260 maiore
764 3204 850 3261 etiam
875 3204 983 3274 animo,
1009 3223 1072 3280 spe,

131 3303 292 3377 superiores
306 3301 367 3358 fore
381 3318 445 3369 nos,
461 3301 568 3369 animo,
583 3301 658 3357 utin
673 3300 771 3358 haere
786 3301 902 3375 publica
915 3320 953 3358 ne
970 3319 1073 3361 casum

131 3399 249 3476 quidem
263 3399 353 3456 ullum
368 3398 577 3474 pertimescam.
622 3396 679 3455 Sed
694 3409 791 3455 tamen
805 3415 836 3454 se
850 3416 895 3455 res
911 3398 951 3456 sic
967 3397 1072 3460 habet:
