2356 3810
928 181 931 191 r

117 231 159 291 40
391 224 428 274 M.
451 224 567 271 rurrrr
590 224 776 272 orcanon’rs
956 213 1051 295 [amr.

117 381 313 457 Theopompo
328 381 471 452 mandavi,
483 401 548 440 cum
564 401 659 441 essem
673 382 839 441 admonitus
854 383 891 440 ab
905 382 979 458 ipso,
990 383 1055 440 vide

117 498 168 552 per
184 478 318 536 homines
337 490 468 536 amantes
488 480 537 549 tui,
552 479 633 554 quod
652 491 695 538 est
710 478 801 550 facile,
816 489 847 537 ut
860 478 933 538 haec
947 466 1056 555 genera

116 575 251 631 tollantur
272 575 466 650 epistolarum,
484 577 608 650 primum
627 577 800 652 iniquarum,
816 577 920 634 deinde
940 586 1056 634 contra·

116 673 233 741 riarum,
247 681 309 729 turn
324 673 447 730 absurde
461 682 490 730 et
508 674 644 732 inusitate
664 676 843 750 scriptarum,
858 683 1008 748 postremo
1026 675 1057 731 in

116 769 242 844 aliquem
265 770 548 828 contumeliosarum.
589 772 687 847 Atque
711 789 767 846 ego
796 771 867 829 haec
894 781 955 828 tam
983 788 1056 840 esse,

117 883 204 941 quam
228 866 323 934 audi0,
346 884 408 924 non
430 876 509 942 puto,
535 878 572 938 et,
592 868 616 925 si
640 877 705 925 sunt
733 868 972 943 occupationibus
1000 870 1056 926 tuis

116 964 211 1020 minus
234 964 439 1034 animadversa,
454 983 533 1023 nunc
550 965 681 1040 perspice
700 975 729 1023 et
747 984 847 1041 purga.
889 964 963 1040 Legi
980 967 1056 1040 epis·

115 1061 214 1130 tolam,
229 1079 316 1136 quam
334 1063 397 1137 ipse
417 1063 564 1136 scripsisse
586 1062 663 1120 Sulla
681 1063 882 1121 nomenclator
896 1063 991 1121 dictus
1005 1073 1057 1132 est,

116 1176 177 1216 non
202 1159 399 1234 probandam
429 1160 485 1235 legi
514 1178 574 1218 non
602 1161 694 1218 nullas
723 1161 883 1218 iracundas.
929 1179 974 1219 10.
999 1161 1058 1219 Sed

116 1265 246 1329 tempore
263 1256 328 1329 ipso
348 1256 384 1313 de
405 1257 548 1331 epistolis:
571 1276 639 1314 nam
658 1277 725 1315 curn
744 1257 820 1315 hanc
839 1259 977 1332 paginam
996 1269 1058 1316 ten·

116 1371 202 1422 erem,
222 1353 255 1410 L.
275 1353 398 1424 Flavius
415 1364 529 1428 praetor
548 1354 725 1430 designatus,
742 1355 781 1413 ad
798 1373 846 1412 me
865 1356 950 1424 venit,
964 1355 1058 1414 homo

116 1451 186 1507 mihi
205 1451 288 1509 valde
310 1451 464 1509 familiaris.
508 1452 538 1509 ls
559 1452 638 1522 mihi,
659 1462 686 1510 te
707 1453 745 1510 ad
766 1463 968 1527 procuratores
989 1472 1058 1513 suos

116 1548 224 1605 litteras
239 1549 361 1618 misisse,
373 1567 447 1623 quae
462 1549 533 1606 mihi
548 1551 624 1608 visae
639 1559 706 1608 sunt
720 1551 923 1626 iniquissimae,
935 1569 973 1607 ue
988 1553 1057 1627 quid

118 1647 264 1716 debonis,
279 1665 353 1722 quae
368 1646 401 1703 L.
417 1646 530 1705 Octavii
544 1647 671 1705 Nasonis
687 1648 814 1717 fuissent,
830 1648 875 1706 cui
892 1647 927 1706 L.
942 1647 1057 1705 Flavius

117 1743 200 1800 heres
214 1753 266 1809 est,
281 1743 479 1800 deminuerent
494 1755 569 1814 ante,
585 1764 672 1820 quam
688 1745 721 1803 C.
734 1744 887 1802 Fundanio
901 1747 1058 1820 pecuniam

118 1840 284 1911 solvissent;
311 1841 437 1915 itemque
465 1843 579 1900 misisse
608 1843 645 1901 ad
673 1842 928 1918 Apollonidenses,
954 1860 992 1900 ne
1021 1844 1057 1901 de

117 1938 211 2007 bonis,
227 1955 308 2012 vquae
333 1936 446 1996 Octavii
471 1937 600 2009 luissent,
626 1940 753 1996 deminui
779 1948 945 2013 paterentur
968 1940 1057 2013 prius,

118 2053 206 2109 quam
220 2034 372 2092 Fundanio
387 2035 515 2092 debitum
533 2035 660 2092 solutum
680 2046 763 2093 esset.
806 2033 890 2092 Haec
909 2034 979 2092 mihi
999 2038 1057 2094 veri

118 2132 220 2189 similia
244 2150 304 2190 non
329 2132 477 2204 videntur;
503 2143 569 2190 sunt
590 2133 668 2190 enim
689 2132 872 2207 aprudentia
892 2140 942 2188 tua
961 2151 1057 2190 remo-

117 2230 235 2287 tissima.
278 2229 343 2287 ‘Ne
358 2230 506 2287 deminuat
520 2229 604 2288 heres
613 2229 640 2287 i'
679 2229 760 2300 Quid
774 2230 798 2286 si
812 2229 964 2286 infitiatur?
987 2232 1056 2304 quid

118 2328 141 2382 si
155 2326 275 2384 omnino
290 2345 351 2384 non
367 2327 472 2385 debet?
487 2327 576 2402 quid?
590 2337 705 2402 praetor
720 2327 791 2384 solet
802 2326 925 2384 iudicare
937 2327 1057 2384 deberi?

118 2422 215 2492 Quid?
237 2441 292 2498 ego
307 2423 459 2481 Fundanio
477 2442 538 2481 non
553 2425 660 2498 cupio?
681 2441 741 2482 non
760 2425 870 2482 amicus
890 2425 974 2481 sum?
996 2443 1057 2481 non

117 2520 309 2577 misericordia
332 2522 471 2578 moveor?
507 2520 604 2578 Nemo
628 2522 739 2596 magis;
764 2521 816 2578 sed
836 2521 878 2578 vis
903 2521 971 2579 iuris
995 2522 1058 2580 eius

116 2618 195 2674 modi
218 2629 261 2675 est
282 2619 455 2693 quibusdam
478 2620 509 2675 in
532 2620 627 2689 rebus,
649 2631 680 2676 ut
705 2619 775 2675 nihil
799 2619 834 2676 sit
857 2618 914 2676 loci
938 2621 1056 2693 gratiae.

117 2715 213 2789 Atque
234 2716 273 2772 ita
293 2716 364 2772 mihi
386 2716 500 2774 dicebat
524 2716 636 2774 Flavius
658 2718 798 2792 scriptum
819 2717 849 2773 in
871 2734 906 2773 ea
927 2717 1057 2791 epistola,

116 2831 204 2887 quam
219 2823 298 2869 tuam
312 2832 376 2871 esse
399 2814 521 2885 dicebat,
536 2824 565 2871 te
584 2824 633 2872 aut
653 2815 736 2890 quasi
755 2815 856 2872 amicis
875 2813 930 2871 tuis
950 2814 1058 2888 gratias

115 2921 246 2968 acturum
268 2921 317 2968 aut
337 2913 420 2987 quasi
441 2912 564 2970 inimicis
586 2912 774 2970 incommoda
794 2911 965 2969 adlaturum.
1011 2929 1057 2971 11.

116 3008 196 3079 Quid
224 3008 333 3065 multa?
374 3008 496 3066 Ferebat
523 3010 654 3083 graviter,
678 3021 705 3067 et
731 3009 915 3066 vehementer
939 3027 1058 3068 mecum

115 3106 286 3181 querebatur
303 3106 468 3182 orabatque,
482 3115 514 3164 ut
533 3106 570 3163 ad
589 3117 617 3164 te
637 3124 725 3180 quam
748 3105 965 3180 diligentissime
987 3107 1056 3164 scri-

115 3205 230 3261 berem:
252 3203 334 3278 quod
353 3202 428 3261 facio
448 3214 476 3261 et
493 3213 521 3261 te
536 3222 654 3278 prorsus
668 3203 853 3260 vehementer
867 3203 953 3260 etiam
968 3214 1056 3279 atque

115 3302 203 3358 etiam
221 3317 302 3375 rogo,
318 3309 349 3356 ut
371 3310 399 3357 et
418 3301 653 3374 procuratoribus
667 3300 756 3357 Flavii
771 3300 897 3357 remittas
912 3299 948 3358 de
963 3300 1054 3359 demi-

112 3397 231 3455 nuendo
259 3406 288 3455 et
316 3396 594 3472 Apollonidensibus
622 3397 757 3472 nequid
781 3397 951 3474 perscribas,
973 3400 1055 3474 quod
