2356 3810
113 237 155 281 20
326 274 328 278 ,
391 227 429 278 m.
456 227 576 276 romu
598 226 803 277 cromeoms
951 214 1020 298 [rm
1034 229 1051 278 1.

115 389 183 448 ‘tibi
217 406 278 446 non
313 384 511 445 crediderunt!
567 385 658 443 ‘Mihi
689 383 777 445 vero'
812 384 933 462 inquam
969 389 1052 444 ‘xxa

113 487 224 544 iudices
251 483 440 552 crediderunt,
468 501 557 552 xxm,
581 483 721 558 quoniam
748 501 884 543 nummos
912 491 983 540 ante
1009 499 1053 540 ac·

114 591 260 659 ceperunt,
293 581 344 639 tibi
374 580 443 638 nihil
474 580 674 639 crediderunt!
729 579 848 656 Magnis
881 578 1053 638 clamoribus

115 680 247 738 adflictus
267 677 405 740 conticuit
425 687 455 736 et
474 678 640 743 conciditi
655 697 699 738 11.
721 677 829 736 Noster
849 687 958 736 autem
967 687 1053 736 status

113 787 160 836 est
194 776 258 835 hic:
289 750 423 851 ‘apud
404 757 499 834 bonos
533 776 621 834 iidem
656 793 764 845 sumus,
800 792 876 851 quos
908 774 1053 851 reliquisti,

116 875 195 952 apud
229 874 346 934 sordem
381 873 522 932 urbist
493 882 522 931 et
555 872 665 930 faecem
701 872 791 931 multo
827 873 931 932 melius
969 890 1054 942 nunc,

118 992 209 1050 quam
236 991 297 1030 cum
324 971 478 1047 reliquisti:
510 989 579 1030 nam
606 982 634 1029 et
661 955 730 1028 illud
757 971 843 1028 nobis
869 988 932 1028 non
965 970 1055 1039 obest,

117 1072 206 1130 videri
234 1080 366 1129 nostrum
394 1070 591 1127 testimonium
614 1088 675 1128 non
702 1069 839 1137 valuisse:
878 1069 988 1128 missus
1014 1077 1056 1127 est

118 1170 237 1245 sanguis
262 1168 386 1226 invidiae
416 1167 477 1224 sine
506 1166 623 1239 dolore;
651 1177 738 1243 atque
765 1167 852 1226 etiam
873 1167 930 1225 hoc
955 1167 1056 1242 magis,

119 1267 198 1345 quod
232 1282 336 1324 omnes
364 1264 403 1321 illi
430 1263 554 1322 fautores
588 1264 661 1322 illius
693 1265 793 1340 flagitii
825 1283 887 1322 rem
922 1265 1057 1322 manifes-

117 1376 177 1423 tam
214 1363 293 1421 illam
327 1361 507 1437 redemptam
542 1379 605 1419 esse
640 1381 658 1420 a
694 1363 836 1421 iudicibus
868 1363 1057 1432 confitentum

119 1463 231 1522 accedit
251 1461 330 1530 illud,
345 1458 425 1536 quod
445 1458 493 1516 illa
514 1460 687 1519 contionalis
705 1460 809 1519 hirudo
830 1461 940 1530 aerarii,
956 1461 1059 1518 misera

120 1579 154 1618 ac
181 1560 279 1617 ieiuna
305 1556 465 1632 plebecula,
494 1575 542 1615 me
575 1557 611 1615 ab
639 1558 696 1616 hoc
724 1557 836 1633 Magno
864 1559 951 1617 unice
984 1559 1059 1634 diligi

118 1667 207 1734 putat,
223 1666 251 1714 et
264 1655 379 1713 hercule
393 1654 483 1712 multa
497 1664 526 1712 et
539 1655 665 1714 iucunda
681 1656 891 1714 consuetudine
912 1656 1060 1714 coniuncti

119 1756 269 1826 internos
292 1769 400 1822 sumus,
425 1770 517 1828 usque
546 1771 591 1823 eo,
620 1764 651 1811 ut
675 1754 765 1812 nostri
788 1754 834 1812 isti
857 1754 1061 1812 comissatores

122 1851 336 1919 coniurationis,
352 1851 491 1908 barbatuli
512 1852 638 1930 iuvenes,
653 1851 733 1909 illum
755 1853 784 1909 in
805 1853 991 1910 sermonibus
1009 1851 1062 1910 Cn.

112 1949 295 2008 ‘Ciceronem
322 1947 485 2023 appellant;
517 1949 613 2025 itaque
642 1959 670 2007 et
697 1949 771 2007 ludis
799 1960 827 2007 et
853 1949 1063 2024 gladiatoribus

121 2046 269 2104 mirandas
288 2047 457 2116 ἐπισημασίας
476 2047 538 2104 sine
559 2047 617 2104 ulla
632 2047 786 2122 pastoricia
799 2046 893 2106 fistula
914 2047 1063 2107 aufereba-

123 2163 197 2203 mus.
243 2162 287 2202 12.
317 2143 404 2202 Nunc
432 2153 476 2202 est
502 2145 680 2219 exspectatio
708 2144 902 2217 comitiorum,
929 2147 961 2203 in
990 2160 1062 2222 quae

123 2243 259 2300 omnibus
273 2241 367 2300 invitis
382 2240 470 2299 trudit
483 2249 580 2299 noster
594 2241 722 2316 Magnus
736 2242 803 2299 Auli
817 2241 916 2313 filium,
930 2252 1021 2319 atque
1035 2244 1062 2300 in

122 2358 158 2398 eo
184 2357 279 2414 neque
307 2339 475 2396 auctoritate
503 2356 599 2414 neque
623 2339 715 2414 gratia
736 2349 855 2415 pugnat,
881 2340 934 2398 sed
959 2340 1065 2416 quibus

122 2436 271 2511 Philippus
286 2436 384 2494 omnia
395 2436 511 2493 castella
525 2437 684 2513 expugnari
698 2455 785 2512 posse
800 2437 914 2495 dicebat
930 2433 975 2517 [in
991 2454 1064 2514 quae

122 2533 213 2590 modo
236 2533 341 2591 asellus
366 2542 488 2591 onustus
516 2551 587 2592 auro
602 2544 711 2610 posset
738 2531 928 2614 ascendere];
962 2533 1064 2594 consul

123 2641 220 2689 autem
233 2629 279 2688 ille
294 2630 442 2688 deterioris
456 2629 601 2690 histrionis
616 2631 714 2690 similis
729 2633 891 2706 suscepisse
913 2633 1064 2708 negotium

123 2729 225 2786 dicitur
239 2736 268 2786 et
294 2727 374 2786 domi
399 2727 539 2787 divisores
560 2728 684 2801 habere;
708 2730 788 2805 quod
805 2748 862 2806 ego
885 2747 946 2788 non
968 2732 1063 2789 credo.

125 2825 182 2883 Sed
197 2834 313 2883 senatus
328 2825 464 2883 consulta
478 2825 537 2883 duo
551 2826 609 2883 iam
628 2825 705 2884 facta
724 2833 795 2901 su'nt
815 2828 926 2898 odiosa,
941 2829 1022 2904 quod
1036 2829 1064 2885 iu

124 2922 277 2981 consulem
300 2920 376 2979 facta
395 2932 539 2999 putantur,
562 2921 675 2981 Catone
696 2934 725 2982 et
741 2924 871 2983 Domitio
891 2926 1064 3000 postulante,

123 3037 224 3089 unum,
239 3027 271 3076 ut
293 3020 372 3094 apud
392 3021 577 3095 magistratus
598 3021 702 3096 inquiri
719 3022 824 3093 liceret,
839 3022 971 3094 alterum,
985 3024 1066 3081 cuius

126 3117 205 3176 domi
229 3117 366 3175 divisores
388 3116 558 3188 habitarent,
577 3119 716 3177 adversus
737 3138 799 3177 rem
821 3120 977 3196 publicam.
1022 3139 1067 3195 13.

126 3215 223 3273 Lurco
238 3225 333 3272 autem
346 3216 476 3274 tribunus
489 3217 537 3291 pl.,
550 3217 598 3292 qui
612 3218 811 3292 magistratum
825 3217 910 3276 simul
924 3236 992 3275 cum
1003 3219 1067 3295 lege

127 3312 211 3370 Aelia
232 3312 303 3381 iniit,
329 3311 439 3371 solutus
464 3323 558 3372 estet
582 3314 664 3373 Aelia
688 3324 717 3372 et
741 3313 830 3385 Fufia,
856 3325 887 3372 ut
909 3314 1005 3390 legem
1033 3315 1068 3374 de

130 3410 240 3469 ambitu
254 3409 345 3483 ferret,
371 3428 464 3487 quam
491 3411 537 3471 ille
566 3413 645 3472 bono
674 3413 804 3490 auspicio
832 3397 951 3472 claudus
978 3412 1068 3474 bomo
