2356 3810
147 205 189 284 46
413 217 452 266 n.
478 216 599 264 runnu
620 215 813 263 nicanorus-
980 200 1050 282 [rats
1065 215 1085 264 r.

146 375 268 451 aliquid!
290 375 380 432 multa
394 374 540 432 occultant
553 384 619 432 tuae
633 373 750 443 litterae,
766 372 863 442 credo,
878 390 916 430 ne
930 371 1087 430 vehemen-

145 473 202 529 tius
219 472 420 548 desperatione
439 473 595 548 perturber.
631 470 712 542 Quid
732 472 811 529 enim
830 470 910 528 vides
929 471 977 544 agi
997 487 1087 545 posse

146 581 194 628 aut
208 588 267 645 quo
281 569 391 628 modo?
402 588 464 647 ¹per
478 570 670 627 senatumne?
691 579 736 627 ast
749 578 809 627 tute
825 569 962 658 scripsisti
977 568 1015 626 ad
1029 585 1086 638 me,

145 667 294 742 quoddam
309 656 395 743 caput
413 667 485 743 legis
500 665 636 725 Clodium
657 667 688 725 in
709 668 804 725 curiae
826 677 910 742 poste
924 666 1032 736 fixisse,
1047 685 1086 724 nu

61 781 65 795 ’
145 782 271 822 mrnxxr
291 784 367 823 unvn
388 784 446 824 nrcr
466 783 599 824 urcnxur.
642 765 712 836 Quo
727 764 817 822 modo
838 765 924 839 igitur
937 763 1086 822 Domitius

146 881 177 919 se
193 863 263 919 dixit
276 862 453 920 relaturum?
475 880 534 938 quo
549 862 639 920 modo
655 873 751 919 autem
767 863 811 928 iis,
826 879 901 936 quos
922 871 953 919 tu
975 861 1085 930 scribis,

146 968 175 1015 et
189 958 224 1015 de
238 977 269 1016 re
284 960 446 1018 dicentibus
461 971 497 1028 et,
512 970 543 1018 ut
556 955 714 1030 referretur,
733 959 945 1035 postulantibus
963 958 1085 1016 Clodius

145 1056 254 1114 tacuit?
285 1074 327 1126 ac,
356 1058 380 1114 si
402 1076 455 1134 per
478 1057 628 1134 populum,
653 1058 795 1134 poteritne
818 1057 873 1114 nisi
892 1056 928 1115 de
951 1048 1085 1114 omniurn

145 1154 324 1211 tribunorum
339 1154 379 1230 pl.
391 1156 551 1214 sententia?
572 1154 643 1230 quid
657 1154 693 1213 de
707 1155 813 1212 bonis?
835 1155 905 1230 quid
920 1153 956 1212 de
971 1155 1085 1212 domo?

145 1252 288 1330 poteritne
301 1253 431 1310 restitui?
452 1263 509 1322 aut,
526 1253 549 1311 si
563 1270 624 1310 non
638 1253 752 1327 poterit,
773 1261 891 1326 egomet
911 1270 971 1328 quo
993 1253 1085 1311 modo

146 1330 269 1422 potero?
317 1346 403 1407 Haec
425 1351 480 1407 nisi
504 1349 584 1408 vides
607 1349 744 1424 expediri,
769 1367 857 1424 quam
879 1349 910 1406 in
932 1368 1015 1424 spem
1036 1369 1086 1410 me

145 1447 254 1504 vocas?
276 1446 319 1504 sin
330 1457 427 1505 autem
441 1449 503 1523 spei
516 1447 587 1505 nihil
600 1458 652 1511 est,
664 1465 737 1522 quae
752 1455 795 1504 est
808 1445 879 1534 pnihi
894 1446 971 1504 vita?
986 1447 1085 1523 itaque

146 1552 285 1618 exspecto
313 1537 544 1603 Thessalonicae
581 1553 646 1602 acta
681 1543 746 1602 Kal.
783 1512 871 1608 Sebxl,
907 1563 944 1602 ex
979 1547 1085 1621 quibus

146 1649 271 1698 statuam
297 1641 328 1698 in
352 1651 456 1700 tuosne
480 1660 566 1718 agros
594 1641 768 1716 confugiam,
793 1652 824 1700 ut
852 1660 947 1718 neque
968 1643 1084 1701 videam

145 1739 286 1810 homines,
301 1758 375 1814 quos
389 1740 488 1811 nolim,
503 1751 531 1799 et
551 1750 588 1810 te,
603 1751 635 1799 ut
656 1741 765 1811 scribis,
780 1741 893 1798 videam
914 1750 943 1799 et
963 1744 1085 1818 propius

146 1838 210 1908 sim,
238 1839 261 1895 si
290 1837 359 1913 quid
383 1839 612 1916 agatur-idque
641 1839 767 1897 intellexi
782 1857 849 1896 cum
872 1840 932 1909 tibi,
1000 1912 1022 1923 Ι,
1044 1842 1084 1914 Q.

145 1933 223 1991 fratri
237 1935 398 2009 placere-,
414 1954 451 1993 an
466 1937 569 1994 abeam
583 1937 730 2012 Cyzicum.
767 1950 795 2010 7.
817 1936 912 2009 Nunc,
927 1937 1001 1996 Pom
1015 1924 1108 2012 oiri,

146 2033 284 2108 quoniam
312 2032 382 2091 nihil
409 2035 558 2110 impertisti
585 2044 652 2093 tuae
684 2034 853 2111 prudentiae
887 2035 926 2094 ad
960 2038 1084 2097 salutem

145 2148 249 2198 meam,
262 2131 342 2205 quod
356 2140 405 2188 aut
418 2131 448 2187 in
462 2150 510 2189 me
523 2133 588 2208 ipso
603 2133 671 2191 satis
685 2151 748 2191 esse
763 2134 874 2191 consilii
889 2134 1020 2193 decreras
1035 2147 1086 2195 aut

146 2237 174 2284 te
196 2228 264 2285 nihil
289 2229 353 2303 plus
370 2229 447 2313 ⁴npihi
471 2229 575 2288 debere
597 2240 739 2306 quam‘ut
759 2241 875 2306 praesto
900 2250 988 2302 esseS,
1010 2252 1085 2309 quo-

146 2325 281 2400 niamque
306 2344 362 2401 ego
390 2311 526 2402 proditus,
550 2326 692 2397 inductus,
718 2329 866 2386 coniectus
888 2329 919 2386 in
942 2329 1083 2402 fraudem,

146 2423 244 2480 omnia
271 2441 336 2480 mea
363 2424 506 2500 praesidia
535 2425 658 2499 neglexi,
687 2435 779 2484 totam
807 2427 919 2485 Italiam
950 2424 992 2506 [iu
1020 2427 1082 2509 me]

91 2531 94 2537 “
146 2531 270 2578 erectam
298 2520 335 2579 ad
362 2541 410 2579 me
444 2522 658 2581 defendendum
693 2523 808 2582 destitui
843 2535 872 2583 et
898 2524 1007 2600 reliqui,
1036 2545 1085 2586 me

145 2636 285 2694 meosque
303 2620 376 2677 meis
395 2611 498 2678 tradidi
518 2621 640 2679 inimicis
659 2623 839 2696 inspectante
861 2632 890 2680 et
910 2633 1024 2682 tacente
1046 2636 1084 2695 te,

146 2717 204 2792 qui,
220 2718 243 2774 si
257 2735 318 2774 non
332 2718 397 2794 plus
411 2719 528 2793 ingenio
542 2719 656 2777 valebas
674 2736 763 2794 quam
783 2737 849 2794 eg0,
864 2730 940 2778 certe
961 2722 1085 2782 timebas

145 2816 257 2872 minus:
290 2812 317 2872 si
337 2827 430 2891 potes,
452 2817 529 2891 erige
551 2816 682 2875 adflictos
701 2826 729 2874 et
749 2817 779 2874 in
801 2835 837 2875 eo
858 2836 914 2876 nos
936 2819 1017 2892 iuva;
1040 2822 1086 2878 sin

146 2913 246 2970 omnia
270 2923 336 2969 sunt
359 2916 513 2985 obstructa,
540 2914 570 2971 id
592 2915 688 2989 ipsum
708 2914 754 2973 sac
777 2925 808 2972 ut
831 2917 957 2974 sciamus
982 2926 1011 2974 et
1029 2935 1085 2977 nos

146 3010 302 3085 aliquando
331 3021 378 3068 aut
405 3012 557 3086 obiurgare
585 3022 634 3070 aut
661 3013 781 3070 comiter
805 3013 949 3071 consolari
975 3014 1085 3074 desine.

146 3107 213 3184 Ego
228 3108 252 3166 si
265 3118 344 3165 tuam
366 3108 453 3166 fidem
474 3128 649 3180 accusarem,
672 3128 733 3168 non
754 3128 801 3168 me
822 3112 1006 3186 potissimum
1027 3114 1084 3172 tuis

145 3207 227 3265 tectis
242 3208 409 3264 crederem:
431 3226 527 3267 meam
541 3211 696 3266 amentiam
712 3227 827 3277 accuso,
842 3193 954 3284 quoda
974 3219 1004 3266 te
1020 3220 1084 3269 tan-

145 3317 207 3362 tum
234 3325 275 3362 me
302 3308 399 3374 amari,
427 3317 567 3382 quantum
597 3325 653 3383 ego
677 3307 788 3376 vellem,
811 3308 923 3382 putavi;
957 3309 1036 3383 quod
1059 3312 1084 3369 si

146 3403 253 3475 suisset,
275 3403 362 3462 fidem
384 3405 517 3476 eandem,
539 3422 637 3463 curam
661 3405 801 3463 maiorem
826 3405 1013 3479 adhibuisses,
1035 3427 1084 3468 me
