2356 3810
186 195 245 262 128
453 207 491 257 nr.
517 207 639 256 runnrr
657 187 851 259 cronnonrs'
992 200 1060 285 [aare
1075 217 1120 266 111.

182 365 403 426 concedendum
433 375 535 441 putant
564 364 688 425 Caesari.
738 367 822 426 Haec
852 378 884 427 tu
911 370 982 428 mihi
1009 374 1122 448 explica

183 466 278 542 qualia
298 465 363 522 sinn
409 477 436 537 5.
457 463 523 539 Ego
551 465 670 540 negotio
695 483 830 540 praesum
854 485 925 525 non·
938 470 1120 542 turbulento;

183 563 241 621 volt
256 562 333 621 enim
351 579 398 619 me
412 559 570 637 Pompeius
587 580 660 634 esse,
680 581 768 638 quern
787 573 848 622 tota
868 563 941 623 haec
960 564 1122 643 Campania

182 672 211 718 et
221 659 363 717 maritima
376 676 431 716 ora>
441 658 548 717 habeat
560 661 708 730 ἐπίσκοπον,
719 661 757 718 ad
766 679 859 736 quem
867 661 986 721 dilectus
1000 674 1029 721 et
1043 685 1123 724 sum·

182 777 231 816 ma
251 756 361 831 negotii
381 755 533 828 referatur3
555 758 654 832 itaque
666 775 756 832 vagus
774 776 838 816 esse
858 760 1032 834 cogitabam.
1075 765 1122 823 Te

182 866 253 931 puto
278 854 335 911 iam
358 854 462 923 videre,
487 872 562 930 quae
590 855 626 913 sit
650 857 714 928 ὁρμὴ
745 855 885 927 Caesaris,
912 858 961 934 qui
985 862 1121 935 populus,

182 953 231 1028 qui
258 952 345 1010 totius
372 951 482 1026 negotii
506 961 616 1009 status:
645 970 680 1010 ea
700 952 786 1010 velim
813 955 921 1012 scribas
950 955 988 1014 ad
1015 976 1072 1030 me,
1094 971 1122 1017 et

182 1049 308 1126 quidem,
330 1049 469 1124 quoniam
488 1048 640 1107 mutabilia¹
657 1058 736 1119 sunt,
756 1068 844 1126 quarn
864 1053 1052 1128 saepissime3
1073 1074 1121 1116 ac-

183 1148 301 1225 quiesco
317 1147 395 1205 enim
409 1155 438 1204 et
453 1146 582 1204 scribens
595 1145 633 1204 ad
646 1155 676 1204 te
689 1155 717 1203 et
728 1146 827 1222 legens
841 1157 898 1208 tua

394 1332 441 1387 ra.
483 1327 541 1388 An
562 1325 755 1386 arricum
775 1326 844 1386 vn.
870 1347 914 1404 η.

219 1445 285 1506 Scn.
306 1443 434 1503 Carnus
455 1460 504 1501 vu.
527 1441 997 1505 Knurnnns·Funnmn1nsn.n.c.
1019 1458 1087 1522 705.

496 1556 602 1598 nemo
618 1556 728 1598 runco
745 1557 807 1598 sir.

226 1667 251 1706 12.
274 1645 323 1706 Da
344 1644 546 1703 Vennonianis
573 1645 659 1701 rebus
688 1644 739 1700 tibi
765 1645 915 1704 assentior.
957 1645 1120 1707 Labienum

182 1748 251 1818 ἥρωα
271 1744 384 1813 iudico;
406 1742 522 1802 facinus>
538 1742 596 1799 iam
613 1741 675 1799 'diu
695 1740 805 1798 nullum
830 1742 911 1801 civile
938 1745 1120 1819 praeclarius,

182 1843 240 1919 qui,
254 1852 286 1899 ut
300 1841 378 1899 aliud
392 1840 470 1912 nihii,
481 1839 538 1898 boe
552 1849 651 1897 tamen
665 1837 804 1914 proiecit:
825 1839 908 1898 dedit
918 1840 960 1898 illi
971 1841 1103 1903 dolorem
1111 1865 1120 1917 ;

182 1939 234 1998 sed
259 1939 345 1997 etiarn
368 1938 409 1998 ad
428 1952 572 1997 summam
596 1935 758 2011 profectum
783 1936 890 2012 aliquid
912 1947 993 2014 puto.
1041 1940 1120 2001 Amo

182 2038 269 2100 etiam
284 2035 429 2107 Pisonem,
444 2036 525 2094 cuius
539 2035 677 2094 iudicium
696 2034 734 2092 de
752 2051 861 2108 genero
882 2036 1014 2111 suspicor
1027 2039 1120 2097 visum

182 2135 215 2192 iri
235 2152 331 2210 grave.
373 2132 561 2209 Quamquam
585 2150 679 2208 genus
702 2131 769 2189 belli
794 2131 873 2206 quod
895 2132 932 2191 sit
955 2133 1050 2193 vides:
1083 2137 1121 2195 ita

182 2232 261 2290 civile
289 2242 340 2302 est,
365 2241 396 2288 ut
424 2248 485 2289 non
508 2248 545 2288 ex
566 2231 671 2288 civium
695 2229 882 2302 dissensione,
904 2231 956 2289 sed
978 2249 1014 2289 ex
1036 2233 1121 2291 unius

181 2329 283 2406 perditi
300 2328 369 2386 civis
386 2328 505 2386 audacia
525 2337 625 2386 natum
645 2328 689 2386 sit.
730 2326 761 2384 Is
781 2337 877 2385 autem
891 2329 964 2387 valet
984 2331 1119 2400 exercitu,

182 2436 260 2484 tenet
274 2425 384 2486 multos
395 2443 447 2500 spe
461 2435 489 2483 et
503 2425 662 2501 promissis
678 2425 778 2484 omnia
797 2425 929 2482 omnium
949 2427 1120 2501 concupivit.

182 2523 261 2580 Huic
275 2521 376 2579 tradita
389 2521 459 2579 urbs
473 2532 524 2588 est,
539 2523 620 2580 nuda
631 2523 785 2598 praesidio,
801 2521 905 2580 referta
919 2523 1028 2598 copiis:
1050 2525 1121 2599 quid

181 2622 235 2692 est,
247 2619 327 2696 quod
341 2621 378 2678 ab
392 2637 429 2679 eo
450 2637 509 2678 non
530 2631 651 2692 metuas,
667 2622 716 2697 qui
731 2621 779 2678 iila
792 2620 901 2696 tem'pia
922 2630 950 2678 et
964 2631 1039 2681 tecta
1059 2641 1120 2681 non

180 2719 311 2794 patriam,
327 2717 378 2776 sed
397 2718 534 2794 praedam
554 2718 654 2794 putet?
675 2718 747 2795 quid
766 2727 863 2776 autem
883 2717 919 2776 sit
940 2729 1054 2777 actunrs
1073 2731 1122 2778 aut

181 2835 241 2892 quo
265 2815 364 2886 modo,
386 2816 494 2887 nescio,
516 2816 578 2874 sine
606 2827 714 2886 senatu,
738 2816 799 2873 sine
826 2815 1054 2890 magistratibus:
1083 2838 1120 2878 ne

181 2913 318 2974 simulare
356 2914 475 2988 quidem
511 2915 616 2989 poterit
653 2902 815 2990 ¹quicquam
855 2917 1001 2973 πολιτικῶς.
1056 2915 1121 2976 Nos

181 3023 278 3070 autem
292 3011 341 3068 ubi
356 3029 510 3086 exsurgere
525 3011 683 3086 poterimus
698 3021 748 3068 aut
761 3011 878 3086 quando
890 3011 901 3068 i
922 3029 1047 3086 quorum
1062 3013 1120 3072 dux

181 3127 270 3187 quarn
284 3109 482 3183 impatienter,
497 3118 528 3165 tu
543 3125 663 3184 quoque
675 3108 887 3177 animadvertis,
902 3109 949 3166 cui
963 3127 1000 3166 ne
1015 3107 1121 3168 Picena

179 3207 300 3287 quidem
314 3215 385 3263 nota
398 3205 511 3276 fue-rint,
525 3223 613 3280 quarn
627 3213 724 3262 autem
739 3206 801 3262 sine
821 3205 949 3277 consilio,
965 3224 1011 3264 res
1024 3208 1120 3266 testis:

180 3314 212 3362 ut
225 3305 303 3362 enirn
322 3303 378 3361 alia
391 3303 523 3361 omittam
537 3304 639 3362 decem
661 3319 804 3359 annorum
818 3312 948 3376 peccata,
962 3321 1036 3378 quae
1051 3323 1121 3363 con-

181 3401 257 3461 dicio
279 3420 340 3460 non
353 3401 420 3459 huic
434 3399 520 3476 fugae
535 3401 697 3478 praestitit?
741 3419 767 3458 a.
789 3399 853 3458 Nec
866 3417 935 3457 vero
956 3419 1034 3461 nunc
1052 3404 1121 3480 quid
