2348 3788
117 200 178 264 160
392 213 431 261 M.
454 211 574 260 ronan
595 213 784 261 orornoms
929 198 1000 285 [rm
1014 214 1056 264 ur.
1099 197 1101 199 ’

115 370 191 427 mali.
240 368 328 427 Nunc
356 378 432 427 certe
459 368 622 445 promenda
648 368 700 426 tibi
725 375 795 427 sunt
827 368 968 426 consilia:
1002 367 1057 425 hoc

115 468 206 524 luerat
220 477 389 525 extremum.
425 485 452 539 3.
475 465 528 523 Illa
541 476 640 524 tamen
653 468 785 523 κατακλεὶς
798 466 872 523 illius
887 476 932 524 est
945 467 1057 533 odiosa

116 585 204 641 quam
228 582 321 640 paene
345 565 486 639 praeterii,
508 565 532 622 si
557 565 612 622 sibi
636 564 764 622 consiliis
792 565 899 621 nostris
927 565 970 621 uti
998 583 1058 621 non

115 665 220 733 liceret,
234 680 362 733 usurum,
375 680 499 737 quorum
513 671 621 737 posset,
634 661 672 719 ad
686 662 844 737 omniaque
858 680 923 720 esse
938 663 1059 720 descen·

116 779 224 819 surum.
250 760 373 817 ‘Vidisti
392 761 480 834 igitur
498 761 599 830 virum,
613 770 645 817 ut
666 760 842 834 scripseras?
859 760 1058 835 ingemuistil'

117 858 211 933 Certe
253 856 354 915 ‘Cedo
382 857 508 931 reliqua!
551 856 649 927 Quid?
670 857 810 914 continuo
832 857 895 932 ipse
916 858 947 914 in
968 857 1059 915 Peda-

116 974 195 1025 num,
217 973 274 1029 ego
299 955 460 1029 Arpinum;
487 954 554 1011 inde
576 964 715 1029 exspecto
737 955 873 1029 equidem
893 959 1060 1029 λαλαγεῦσαν

116 1054 194 1110 illam
207 1061 295 1109 tuam.
324 1051 395 1121 ιΤιι,
405 1048 531 1122 ιιιο]οιο,’
543 1052 656 1126 inquies
666 1057 674 1082 ‘
683 1061 784 1123 actum
795 1071 833 1110 ne
848 1053 939 1128 agas?
961 1053 1060 1110 Etiam

117 1151 197 1207 illum
218 1151 323 1225 ipsum,
338 1168 426 1224 quem
448 1150 603 1224 sequimur,
623 1149 713 1207 multa
734 1148 906 1208 fefellerunt.
949 1169 978 1222 4.
1003 1151 1060 1208 Sed

119 1266 175 1322 ego
200 1257 264 1304 tuas
288 1247 394 1304 litteras
419 1257 577 1322 exspect03
601 1247 671 1304 nihil
696 1255 740 1305 est
764 1247 843 1304 enim
867 1249 935 1318 iam,
956 1258 988 1304 ut
1009 1268 1060 1306 an-

118 1355 173 1415 tea,
189 1341 372 1414 ‘videamus'
386 1345 442 1403 hoc
465 1363 604 1420 quorsum
625 1344 727 1402 evadat
737 1343 758 1400 :'
773 1355 936 1403 extremum
950 1345 1004 1403 fuit
1025 1347 1060 1403 de

118 1461 278 1518 congressu
305 1450 415 1511 nostro,
438 1461 498 1516 quo
526 1442 644 1517 quidem
670 1460 733 1500 non
756 1443 856 1501 dubito
879 1427 950 1518 quin
974 1445 1060 1501 istum

118 1541 306 1610 offenderim
329 1557 365 1596 eo
382 1541 522 1597 maturius
536 1539 683 1613 agendum
703 1549 754 1598 est
797 1540 914 1598 Amabo
932 1551 970 1609 te,
986 1543 1060 1616 epis-

118 1638 207 1696 tolam
221 1647 250 1695 et
263 1637 410 1706 πολιτικὴνί
432 1637 514 1694 valde
528 1646 592 1695 tuas
606 1637 713 1695 litteras
728 1656 805 1695 nunc
819 1648 967 1713 exspecto,

359 1796 406 1853 aa
447 1793 504 1850 AD
525 1793 719 1852 arricum
741 1795 777 1852 x.
799 1769 824 1852 ι’.

225 1906 291 1968 Sca.
314 1926 344 1966 ru
369 1908 503 1967 Laruaro
530 1907 642 1979 Quium
666 1927 789 1967 rnnrnrs
814 1928 877 1967 nu,
902 1928 942 1967 un

370 2004 474 2064 Nonus
492 2006 617 2064 Armrus
638 2024 721 2065 nuc.
739 2020 806 2080 705.

440 2130 542 2171 CICERO
557 2130 663 2170 ATTICO
681 2131 741 2170 SAL.

165 2245 188 2285 r.
210 2245 252 2286 111.
267 2225 369 2286 Nouus
384 2244 451 2284 cum
465 2226 496 2283 in
516 2226 663 2284 Laterium
682 2226 775 2284 fratris
794 2227 945 2299 venissem,
962 2232 1062 2306 accepi

121 2326 228 2384 litteras
249 2335 278 2383 et
298 2325 418 2400 paulum
440 2326 584 2400 respiravi,
602 2325 683 2400 quod
707 2335 775 2401 post
798 2324 851 2383 has
871 2327 970 2384 ruinas
990 2329 1063 2385 mihi

122 2442 182 2480 non
197 2423 359 2480 acciderat:
380 2414 434 2497 per
447 2423 526 2480 enim
540 2423 640 2497 magni
655 2423 775 2480 aestimo
790 2424 842 2480 tibi
856 2423 1064 2483 firmitudinem

122 2521 211 2577 animi
238 2520 328 2577 nostri
356 2529 384 2576 et
412 2519 520 2577 factum
549 2529 681 2577 nostrum
708 2521 841 2596 probam
871 2520 959 2578 Sexto
984 2525 1065 2580 enim

122 2628 223 2675 nostro
238 2617 317 2693 quod
332 2617 431 2675 scribis
446 2617 570 2692 probari,
585 2617 624 2675 ita
642 2618 740 2687 laetor,
754 2627 786 2675 ut
804 2636 852 2676 me
871 2620 954 2694 quasi
975 2624 1065 2695 patris

122 2717 192 2782 eius,
207 2716 253 2772 eui
268 2732 382 2789 semper
398 2715 449 2771 uni
467 2715 624 2789 plurimum
643 2715 737 2784 tribui,
753 2716 859 2773 iudicio
879 2720 1066 2791 comprobari

123 2823 230 2889 putem,
246 2813 296 2886 qui
314 2812 394 2882 mihi,
409 2812 489 2887 quod
507 2830 595 2887 saepe
615 2812 696 2870 soleo
717 2802 871 2883 recordari,
892 2813 963 2870 dixit
984 2815 1066 2886 olim,

123 2909 217 2967 Nonis
231 2909 284 2967 illis
298 2909 518 2980 Decembribus
530 2896 597 2968 curn
611 2928 668 2986 ego
680 2915 686 2940 ‘
697 2909 792 2981 Sexte,
808 2911 947 2986 quidnam
961 2930 1032 2987 ergo
1042 2916 1065 2972 i’

166 3049 215 3120 ‘pol
235 3050 293 3119 μάν,
308 3047 400 3122 inquit
421 3047 475 3118 ille,
489 3049 601 3104 ἀσπουδί
619 3072 650 3121 γε
671 3050 711 3104 καὶ
731 3050 836 3107 ἀκλειῶς
858 3043 1036 3130 [ἇσολοίμην],

198 3147 266 3200 ἀλλὰ
286 3147 351 3218 μέγα
370 3147 446 3218 ῥέξας
466 3169 491 3201 τι
511 3148 551 3201 καὶ
572 3148 738 3218 ἐσσομένοισι
757 3144 901 3205 πυθέσθαι.’

125 3284 185 3342 eius
206 3284 291 3359 igitur
311 3283 382 3341 mihi
402 3284 469 3342 vivit
489 3285 651 3354 auctoritas,
671 3294 701 3343 et
721 3285 880 3344 simillimus
906 3287 967 3345 eius
989 3288 1065 3347 filius

125 3382 229 3440 eodem
244 3391 288 3440 est
302 3383 380 3458 apud
393 3400 442 3440 me
461 3381 598 3459 pondere.
615 3400 674 3450 quo
694 3383 746 3441 fuit
765 3383 827 3456 i¹¹e;
849 3402 937 3446 quem
956 3385 1066 3444 salvere
