<?xml version="1.0" encoding="UTF-8"?>
<!DOCTYPE html PUBLIC "-//W3C//DTD XHTML 1.0 Transitional//EN"
    "http://www.w3.org/TR/xhtml1/DTD/xhtml1-transitional.dtd">
<html xmlns="http://www.w3.org/1999/xhtml" xml:lang="en" lang="en">
 <head>
  <title>
</title>
<meta http-equiv="Content-Type" content="text/html;charset=utf-8" />
  <meta name='ocr-system' content='tesseract 3.04.00' />
  <meta name='ocr-capabilities' content='ocr_page ocr_carea ocr_par ocr_line ocrx_word'/>
</head>
<body>
  <div class='ocr_page' id='page_1' title='image "./epistolaeselect01cicegoog/epistolaeselect01cicegoog_0123.png"; bbox 0 0 2348 3788; ppageno 0'>
   <div class='ocr_carea' id='block_1_1' title="bbox 76 199 1019 286">
    <p class='ocr_par' dir='ltr' id='par_1_1' title="bbox 76 199 1019 286">
     <span class='ocr_line' id='line_1_1' title="bbox 76 199 1019 286; baseline 0.002 -23"><span class='ocrx_word' id='word_1_1' title='bbox 76 216 122 278; x_wconf 78' lang='lat' dir='ltr'>ep.</span> <span class='ocrx_word' id='word_1_2' title='bbox 137 199 193 286; x_wconf 51' lang='lat' dir='ltr'>ps]</span> <span class='ocrx_word' id='word_1_3' title='bbox 297 213 409 267; x_wconf 73' lang='lat' dir='ltr'>seraa.</span> <span class='ocrx_word' id='word_1_4' title='bbox 432 215 482 267; x_wconf 76' lang='lat' dir='ltr'>err</span> <span class='ocrx_word' id='word_1_5' title='bbox 502 215 668 270; x_wconf 77' lang='lat' dir='ltr'>Arrrcurr</span> <span class='ocrx_word' id='word_1_6' title='bbox 690 218 719 267; x_wconf 83' lang='grc' dir='ltr'>ν.</span> <span class='ocrx_word' id='word_1_7' title='bbox 743 221 795 269; x_wconf 86' lang='lat'>21.</span> <span class='ocrx_word' id='word_1_8' title='bbox 961 218 1019 283; x_wconf 89' lang='lat'>107</span> 
     </span>
    </p>
   </div>
   <div class='ocr_carea' id='block_1_2' title="bbox 59 365 1053 3471">
    <p class='ocr_par' dir='ltr' id='par_1_2' title="bbox 59 365 1053 3471">
     <span class='ocr_line' id='line_1_2' title="bbox 76 365 1022 445; baseline -0.003 -18"><span class='ocrx_word' id='word_1_9' title='bbox 76 368 109 427; x_wconf 87' lang='lat' dir='ltr'>iu</span> <span class='ocrx_word' id='word_1_10' title='bbox 133 376 261 425; x_wconf 83' lang='lat' dir='ltr'><strong>mentem</strong></span> <span class='ocrx_word' id='word_1_11' title='bbox 284 366 514 431; x_wconf 77' lang='lat' dir='ltr'>faeneratoribus</span> <span class='ocrx_word' id='word_1_12' title='bbox 536 368 608 445; x_wconf 82' lang='lat' dir='ltr'>nihil</span> <span class='ocrx_word' id='word_1_13' title='bbox 632 387 664 428; x_wconf 91' lang='lat' dir='ltr'>se</span> <span class='ocrx_word' id='word_1_14' title='bbox 688 368 784 428; x_wconf 87' lang='lat' dir='ltr'>iuvare</span> <span class='ocrx_word' id='word_1_15' title='bbox 808 365 877 427; x_wconf 87' lang='lat' dir='ltr'>illud</span> <span class='ocrx_word' id='word_1_16' title='bbox 900 377 1022 425; x_wconf 88' lang='lat' dir='ltr'>senatus</span> 
     </span>
     <span class='ocr_line' id='line_1_3' title="bbox 77 463 1021 543; baseline 0.001 -21"><span class='ocrx_word' id='word_1_17' title='bbox 77 464 252 534; x_wconf 86' lang='lat' dir='ltr'>consultum,</span> <span class='ocrx_word' id='word_1_18' title='bbox 273 463 354 541; x_wconf 88' lang='lat' dir='ltr'>quod</span> <span class='ocrx_word' id='word_1_19' title='bbox 375 483 411 523; x_wconf 86' lang='lat' dir='ltr'>ex</span> <span class='ocrx_word' id='word_1_20' title='bbox 433 464 599 543; x_wconf 82' lang='lat' dir='ltr'>syngrapha</span> <span class='ocrx_word' id='word_1_21' title='bbox 618 466 663 526; x_wconf 89' lang='lat' dir='ltr'>ius</span> <span class='ocrx_word' id='word_1_22' title='bbox 684 466 741 524; x_wconf 91' lang='lat' dir='ltr'>dici</span> <span class='ocrx_word' id='word_1_23' title='bbox 761 465 807 524; x_wconf 85' lang='lat' dir='ltr'>lerr</span> <span class='ocrx_word' id='word_1_24' title='bbox 829 464 954 524; x_wconf 88' lang='lat' dir='ltr'>Gabinia</span> <span class='ocrx_word' id='word_1_25' title='bbox 973 483 1021 523; x_wconf 89' lang='lat' dir='ltr'>ve·</span> 
     </span>
     <span class='ocr_line' id='line_1_4' title="bbox 78 559 1022 640; baseline 0.002 -21"><span class='ocrx_word' id='word_1_26' title='bbox 78 569 159 640; x_wconf 81' lang='lat' dir='ltr'>taret</span> <span class='ocrx_word' id='word_1_27' title='bbox 201 559 281 620; x_wconf 89' lang='lat' dir='ltr'>Tum</span> <span class='ocrx_word' id='word_1_28' title='bbox 302 560 334 618; x_wconf 86' lang='lat' dir='ltr'>lit</span> <span class='ocrx_word' id='word_1_29' title='bbox 355 570 473 621; x_wconf 88' lang='lat' dir='ltr'>senatus</span> <span class='ocrx_word' id='word_1_30' title='bbox 491 561 665 633; x_wconf 89' lang='lat' dir='ltr'>consultum,</span> <span class='ocrx_word' id='word_1_31' title='bbox 679 580 719 621; x_wconf 80' lang='lat' dir='ltr'>ur</span> <span class='ocrx_word' id='word_1_32' title='bbox 738 579 776 621; x_wconf 79' lang='lat' dir='ltr'>ax</span> <span class='ocrx_word' id='word_1_33' title='bbox 795 579 834 621; x_wconf 77' lang='lat' dir='ltr'>rer</span> <span class='ocrx_word' id='word_1_34' title='bbox 853 579 1022 621; x_wconf 76' lang='lat' dir='ltr'>srucuserrn</span> 
     </span>
     <span class='ocr_line' id='line_1_5' title="bbox 78 657 1022 736; baseline -0.005 -16"><span class='ocrx_word' id='word_1_35' title='bbox 78 660 95 694; x_wconf 87' lang='grc'>*</span> <span class='ocrx_word' id='word_1_36' title='bbox 112 658 163 695; x_wconf 84' lang='grc'>**</span> <span class='ocrx_word' id='word_1_37' title='bbox 187 667 265 721; x_wconf 85' lang='lat' dir='ltr'>esset</span> <span class='ocrx_word' id='word_1_38' title='bbox 292 677 380 736; x_wconf 89' lang='lat' dir='ltr'>quam</span> <span class='ocrx_word' id='word_1_39' title='bbox 405 670 525 730; x_wconf 82' lang='lat' dir='ltr'>ceterae,</span> <span class='ocrx_word' id='word_1_40' title='bbox 549 659 603 719; x_wconf 85' lang='lat' dir='ltr'>sed</span> <span class='ocrx_word' id='word_1_41' title='bbox 630 670 662 719; x_wconf 90' lang='lat' dir='ltr'>ut</span> <span class='ocrx_word' id='word_1_42' title='bbox 687 659 803 719; x_wconf 85' lang='lat' dir='ltr'>eodem.</span> <span class='ocrx_word' id='word_1_43' title='bbox 843 657 922 719; x_wconf 83' lang='lat' dir='ltr'>Cum</span> <span class='ocrx_word' id='word_1_44' title='bbox 949 659 1022 717; x_wconf 83' lang='lat' dir='ltr'>haec</span> 
     </span>
     <span class='ocr_line' id='line_1_6' title="bbox 81 755 1023 835; baseline -0.002 -20"><span class='ocrx_word' id='word_1_45' title='bbox 81 755 290 827; x_wconf 85' lang='lat' dir='ltr'>disseruissem,</span> <span class='ocrx_word' id='word_1_46' title='bbox 313 755 424 818; x_wconf 83' lang='lat' dir='ltr'>seducit</span> <span class='ocrx_word' id='word_1_47' title='bbox 447 775 495 816; x_wconf 88' lang='lat' dir='ltr'>me</span> <span class='ocrx_word' id='word_1_48' title='bbox 517 756 652 835; x_wconf 74' lang='lat' dir='ltr'>Scaptius</span> <span class='ocrx_word' id='word_1_49' title='bbox 662 777 672 830; x_wconf 90' lang='lat'>;</span> <span class='ocrx_word' id='word_1_50' title='bbox 701 758 742 815; x_wconf 91' lang='lat' dir='ltr'>ait</span> <span class='ocrx_word' id='word_1_51' title='bbox 770 775 801 817; x_wconf 88' lang='lat' dir='ltr'>se</span> <span class='ocrx_word' id='word_1_52' title='bbox 825 755 896 815; x_wconf 87' lang='lat' dir='ltr'>nihil</span> <span class='ocrx_word' id='word_1_53' title='bbox 921 764 1023 813; x_wconf 87' lang='lat' dir='ltr'>contra</span> 
     </span>
     <span class='ocr_line' id='line_1_7' title="bbox 79 851 1022 930; baseline -0.002 -19"><span class='ocrx_word' id='word_1_54' title='bbox 79 853 186 924; x_wconf 85' lang='lat' dir='ltr'>dicere,</span> <span class='ocrx_word' id='word_1_55' title='bbox 199 853 252 916; x_wconf 85' lang='lat' dir='ltr'>sed</span> <span class='ocrx_word' id='word_1_56' title='bbox 271 853 334 912; x_wconf 90' lang='lat' dir='ltr'>illos</span> <span class='ocrx_word' id='word_1_57' title='bbox 355 864 457 930; x_wconf 90' lang='lat' dir='ltr'>putare</span> <span class='ocrx_word' id='word_1_58' title='bbox 476 855 584 914; x_wconf 80' lang='lat' dir='ltr'>talenta</span> <span class='ocrx_word' id='word_1_59' title='bbox 602 874 644 917; x_wconf 85' lang='lat' dir='ltr'>cc.</span> <span class='ocrx_word' id='word_1_60' title='bbox 659 873 690 914; x_wconf 90' lang='lat' dir='ltr'>se</span> <span class='ocrx_word' id='word_1_61' title='bbox 710 855 832 926; x_wconf 88' lang='lat' dir='ltr'>debere;</span> <span class='ocrx_word' id='word_1_62' title='bbox 855 872 890 913; x_wconf 88' lang='lat' dir='ltr'>ea</span> <span class='ocrx_word' id='word_1_63' title='bbox 904 871 935 913; x_wconf 89' lang='lat' dir='ltr'>se</span> <span class='ocrx_word' id='word_1_64' title='bbox 949 851 1022 911; x_wconf 85' lang='lat' dir='ltr'>velle</span> 
     </span>
     <span class='ocr_line' id='line_1_8' title="bbox 78 952 1022 1028; baseline -0.002 -19"><span class='ocrx_word' id='word_1_65' title='bbox 78 952 218 1027; x_wconf 82' lang='lat' dir='ltr'>accipere,</span> <span class='ocrx_word' id='word_1_66' title='bbox 235 952 341 1012; x_wconf 83' lang='lat' dir='ltr'>dehere</span> <span class='ocrx_word' id='word_1_67' title='bbox 363 961 460 1010; x_wconf 85' lang='lat' dir='ltr'>autem</span> <span class='ocrx_word' id='word_1_68' title='bbox 481 952 545 1012; x_wconf 89' lang='lat' dir='ltr'>illos</span> <span class='ocrx_word' id='word_1_69' title='bbox 566 953 653 1028; x_wconf 88' lang='lat' dir='ltr'>paulo</span> <span class='ocrx_word' id='word_1_70' title='bbox 675 953 789 1024; x_wconf 87' lang='lat' dir='ltr'>miuus;</span> <span class='ocrx_word' id='word_1_71' title='bbox 810 960 901 1026; x_wconf 72' lang='lat' dir='ltr'>rogat,</span> <span class='ocrx_word' id='word_1_72' title='bbox 918 960 950 1009; x_wconf 92' lang='lat' dir='ltr'>ut</span> <span class='ocrx_word' id='word_1_73' title='bbox 969 967 1022 1007; x_wconf 86' lang='lat' dir='ltr'>eos</span> 
     </span>
     <span class='ocr_line' id='line_1_9' title="bbox 78 1046 1022 1126; baseline -0.001 -17"><span class='ocrx_word' id='word_1_74' title='bbox 78 1049 117 1109; x_wconf 89' lang='lat' dir='ltr'>ad</span> <span class='ocrx_word' id='word_1_75' title='bbox 132 1049 256 1113; x_wconf 85' lang='lat' dir='ltr'>ducenta</span> <span class='ocrx_word' id='word_1_76' title='bbox 270 1049 435 1125; x_wconf 78' lang='lat' dir='ltr'><strong>perducam.</strong></span> <span class='ocrx_word' id='word_1_77' title='bbox 474 1049 626 1126; x_wconf 81' lang='lat' dir='ltr'>‘Optime’</span> <span class='ocrx_word' id='word_1_78' title='bbox 642 1052 770 1126; x_wconf 87' lang='lat' dir='ltr'>inquam.</span> <span class='ocrx_word' id='word_1_79' title='bbox 806 1048 892 1108; x_wconf 89' lang='lat' dir='ltr'>Voco</span> <span class='ocrx_word' id='word_1_80' title='bbox 906 1049 970 1107; x_wconf 89' lang='lat' dir='ltr'>illos</span> <span class='ocrx_word' id='word_1_81' title='bbox 981 1046 1022 1108; x_wconf 85' lang='lat' dir='ltr'>ad</span> 
     </span>
     <span class='ocr_line' id='line_1_10' title="bbox 59 1145 1022 1224; baseline 0 -20"><span class='ocrx_word' id='word_1_82' title='bbox 59 1155 61 1159; x_wconf 86' lang='lat'>&#39;</span> <span class='ocrx_word' id='word_1_83' title='bbox 77 1165 135 1216; x_wconf 88' lang='lat' dir='ltr'>me,</span> <span class='ocrx_word' id='word_1_84' title='bbox 148 1156 263 1205; x_wconf 91' lang='lat' dir='ltr'>remoto</span> <span class='ocrx_word' id='word_1_85' title='bbox 284 1145 410 1221; x_wconf 89' lang='lat' dir='ltr'>Scaptio.</span> <span class='ocrx_word' id='word_1_86' title='bbox 454 1146 550 1219; x_wconf 90' lang='lat' dir='ltr'>‘Quid</span> <span class='ocrx_word' id='word_1_87' title='bbox 564 1149 638 1206; x_wconf 83' lang='lat' dir='ltr'>vos?</span> <span class='ocrx_word' id='word_1_88' title='bbox 655 1147 808 1224; x_wconf 87' lang='lat' dir='ltr'>quantum&#39;</span> <span class='ocrx_word' id='word_1_89' title='bbox 819 1147 939 1223; x_wconf 88' lang='lat' dir='ltr'>inquam</span> <span class='ocrx_word' id='word_1_90' title='bbox 955 1145 1022 1204; x_wconf 88' lang='lat' dir='ltr'>‘dc-</span> 
     </span>
     <span class='ocr_line' id='line_1_11' title="bbox 78 1241 1022 1320; baseline -0.001 -19"><span class='ocrx_word' id='word_1_91' title='bbox 78 1243 185 1302; x_wconf 85' lang='lat' dir='ltr'>betisi&#39;</span> <span class='ocrx_word' id='word_1_92' title='bbox 222 1243 415 1319; x_wconf 78' lang='lat' dir='ltr'>Respondent</span> <span class='ocrx_word' id='word_1_93' title='bbox 429 1244 510 1309; x_wconf 77' lang='lat' dir='ltr'>‘cvr&#39;</span> <span class='ocrx_word' id='word_1_94' title='bbox 546 1245 655 1306; x_wconf 82' lang='lat' dir='ltr'>Relero</span> <span class='ocrx_word' id='word_1_95' title='bbox 670 1245 707 1304; x_wconf 85' lang='lat' dir='ltr'>ed</span> <span class='ocrx_word' id='word_1_96' title='bbox 722 1244 878 1320; x_wconf 79' lang='lat' dir='ltr'>Scaptium</span> <span class='ocrx_word' id='word_1_97' title='bbox 919 1241 1022 1301; x_wconf 89' lang='lat' dir='ltr'><strong>Homo</strong></span> 
     </span>
     <span class='ocr_line' id='line_1_12' title="bbox 78 1340 1022 1419; baseline 0.003 -20"><span class='ocrx_word' id='word_1_98' title='bbox 78 1342 210 1400; x_wconf 60' lang='lat' dir='ltr'>camare.</span> <span class='ocrx_word' id='word_1_99' title='bbox 263 1340 361 1414; x_wconf 84' lang='lat' dir='ltr'>‘Quid</span> <span class='ocrx_word' id='word_1_100' title='bbox 388 1359 464 1417; x_wconf 91' lang='lat' dir='ltr'>opus</span> <span class='ocrx_word' id='word_1_101' title='bbox 490 1340 548 1401; x_wconf 86' lang='lat' dir='ltr'>est&#39;</span> <span class='ocrx_word' id='word_1_102' title='bbox 572 1343 692 1419; x_wconf 83' lang='lat' dir='ltr'>iuquam</span> <span class='ocrx_word' id='word_1_103' title='bbox 715 1347 819 1418; x_wconf 85' lang='lat' dir='ltr'>‘quam</span> <span class='ocrx_word' id='word_1_104' title='bbox 835 1347 874 1400; x_wconf 77' lang='lat' dir='ltr'>‘ut</span> <span class='ocrx_word' id='word_1_105' title='bbox 895 1342 1022 1402; x_wconf 87' lang='lat' dir='ltr'>rationes</span> 
     </span>
     <span class='ocr_line' id='line_1_13' title="bbox 80 1434 1021 1512; baseline 0 -14"><span class='ocrx_word' id='word_1_106' title='bbox 80 1434 267 1500; x_wconf 84' lang='lat' dir='ltr'>conferatisi’</span> <span class='ocrx_word' id='word_1_107' title='bbox 309 1437 466 1512; x_wconf 85' lang='lat' dir='ltr'>Adsidunt‚</span> <span class='ocrx_word' id='word_1_108' title='bbox 489 1441 656 1504; x_wconf 87' lang='lat' dir='ltr'>subducunt</span> <span class='ocrx_word' id='word_1_109' title='bbox 663 1461 671 1512; x_wconf 88' lang='lat'>;</span> <span class='ocrx_word' id='word_1_110' title='bbox 706 1442 746 1500; x_wconf 83' lang='lat' dir='ltr'>ad</span> <span class='ocrx_word' id='word_1_111' title='bbox 768 1458 923 1503; x_wconf 88' lang='lat' dir='ltr'>nummum</span> <span class='ocrx_word' id='word_1_112' title='bbox 951 1457 1021 1498; x_wconf 86' lang='lat' dir='ltr'>eou-</span> 
     </span>
     <span class='ocr_line' id='line_1_14' title="bbox 79 1536 1021 1616; baseline 0 -22"><span class='ocrx_word' id='word_1_113' title='bbox 79 1539 164 1597; x_wconf 81' lang='lat' dir='ltr'>venit</span> <span class='ocrx_word' id='word_1_114' title='bbox 216 1536 262 1595; x_wconf 92' lang='lat' dir='ltr'>Illi</span> <span class='ocrx_word' id='word_1_115' title='bbox 294 1554 328 1599; x_wconf 87' lang='lat' dir='ltr'>se</span> <span class='ocrx_word' id='word_1_116' title='bbox 362 1555 515 1599; x_wconf 81' lang='lat' dir='ltr'>nunterare</span> <span class='ocrx_word' id='word_1_117' title='bbox 550 1538 629 1610; x_wconf 86' lang='lat' dir='ltr'>velle,</span> <span class='ocrx_word' id='word_1_118' title='bbox 660 1557 772 1616; x_wconf 85' lang='lat' dir='ltr'>urgere,</span> <span class='ocrx_word' id='word_1_119' title='bbox 804 1547 837 1599; x_wconf 82' lang='lat' dir='ltr'>ut</span> <span class='ocrx_word' id='word_1_120' title='bbox 871 1537 1021 1614; x_wconf 85' lang='lat' dir='ltr'>acciperet.</span> 
     </span>
     <span class='ocr_line' id='line_1_15' title="bbox 80 1634 1021 1711; baseline -0.001 -17"><span class='ocrx_word' id='word_1_121' title='bbox 80 1634 213 1710; x_wconf 84' lang='lat' dir='ltr'>Scaptius</span> <span class='ocrx_word' id='word_1_122' title='bbox 227 1653 275 1693; x_wconf 93' lang='lat' dir='ltr'>me</span> <span class='ocrx_word' id='word_1_123' title='bbox 295 1652 392 1693; x_wconf 89' lang='lat' dir='ltr'>rursus</span> <span class='ocrx_word' id='word_1_124' title='bbox 413 1636 533 1707; x_wconf 82' lang='lat' dir='ltr'>seducit,</span> <span class='ocrx_word' id='word_1_125' title='bbox 547 1645 640 1711; x_wconf 85' lang='lat' dir='ltr'>rogat,</span> <span class='ocrx_word' id='word_1_126' title='bbox 653 1646 686 1694; x_wconf 93' lang='lat' dir='ltr'>ut</span> <span class='ocrx_word' id='word_1_127' title='bbox 706 1654 767 1694; x_wconf 92' lang='lat' dir='ltr'>rem</span> <span class='ocrx_word' id='word_1_128' title='bbox 789 1637 832 1699; x_wconf 79' lang='lat' dir='ltr'>sic</span> <span class='ocrx_word' id='word_1_129' title='bbox 852 1636 1021 1711; x_wconf 77' lang='lat' dir='ltr'>relinquam.</span> 
     </span>
     <span class='ocr_line' id='line_1_16' title="bbox 79 1732 1021 1809; baseline 0 -20"><span class='ocrx_word' id='word_1_130' title='bbox 79 1732 157 1790; x_wconf 91' lang='lat' dir='ltr'>Dedi</span> <span class='ocrx_word' id='word_1_131' title='bbox 170 1734 284 1791; x_wconf 91' lang='lat' dir='ltr'>veniam</span> <span class='ocrx_word' id='word_1_132' title='bbox 298 1733 409 1790; x_wconf 90' lang='lat' dir='ltr'>homini</span> <span class='ocrx_word' id='word_1_133' title='bbox 423 1734 606 1808; x_wconf 81' lang='lat' dir='ltr'>inpudenter</span> <span class='ocrx_word' id='word_1_134' title='bbox 620 1735 747 1809; x_wconf 90' lang='lat' dir='ltr'>petenti;</span> <span class='ocrx_word' id='word_1_135' title='bbox 766 1733 886 1793; x_wconf 88' lang='lat' dir='ltr'>Graecis</span> <span class='ocrx_word' id='word_1_136' title='bbox 901 1751 1021 1809; x_wconf 89' lang='lat' dir='ltr'>queren-</span> 
     </span>
     <span class='ocr_line' id='line_1_17' title="bbox 79 1829 1022 1908; baseline -0.001 -19"><span class='ocrx_word' id='word_1_137' title='bbox 79 1833 165 1901; x_wconf 90' lang='lat' dir='ltr'>tibus,</span> <span class='ocrx_word' id='word_1_138' title='bbox 179 1841 211 1888; x_wconf 93' lang='lat' dir='ltr'>ut</span> <span class='ocrx_word' id='word_1_139' title='bbox 230 1831 260 1887; x_wconf 92' lang='lat' dir='ltr'>in</span> <span class='ocrx_word' id='word_1_140' title='bbox 281 1829 349 1890; x_wconf 82' lang='lat' dir='ltr'>fano</span> <span class='ocrx_word' id='word_1_141' title='bbox 369 1830 549 1906; x_wconf 79' lang='lat' dir='ltr'>deponerent</span> <span class='ocrx_word' id='word_1_142' title='bbox 565 1831 791 1908; x_wconf 89' lang='lat' dir='ltr'>postulantibus,</span> <span class='ocrx_word' id='word_1_143' title='bbox 805 1849 867 1889; x_wconf 91' lang='lat' dir='ltr'>non</span> <span class='ocrx_word' id='word_1_144' title='bbox 882 1831 1022 1890; x_wconf 86' lang='lat' dir='ltr'>concessi.</span> 
     </span>
     <span class='ocr_line' id='line_1_18' title="bbox 80 1927 1022 2003; baseline -0.003 -17"><span class='ocrx_word' id='word_1_145' title='bbox 80 1927 215 1987; x_wconf 89' lang='lat' dir='ltr'>Clamare</span> <span class='ocrx_word' id='word_1_146' title='bbox 240 1944 344 1988; x_wconf 88' lang='lat' dir='ltr'>omnes</span> <span class='ocrx_word' id='word_1_147' title='bbox 365 1928 415 2003; x_wconf 90' lang='lat' dir='ltr'>qui</span> <span class='ocrx_word' id='word_1_148' title='bbox 436 1927 565 1999; x_wconf 90' lang='lat' dir='ltr'>aderant,</span> <span class='ocrx_word' id='word_1_149' title='bbox 585 1928 656 1986; x_wconf 89' lang='lat' dir='ltr'>nihil</span> <span class='ocrx_word' id='word_1_150' title='bbox 677 1928 874 2003; x_wconf 86' lang='lat' dir='ltr'>impudentius</span> <span class='ocrx_word' id='word_1_151' title='bbox 897 1927 1022 2002; x_wconf 91' lang='lat' dir='ltr'>Scaptio,</span> 
     </span>
     <span class='ocr_line' id='line_1_19' title="bbox 80 2025 1053 2102; baseline -0.002 -19"><span class='ocrx_word' id='word_1_152' title='bbox 80 2026 130 2102; x_wconf 91' lang='lat' dir='ltr'>qui</span> <span class='ocrx_word' id='word_1_153' title='bbox 158 2025 323 2086; x_wconf 87' lang='lat' dir='ltr'>centesimis</span> <span class='ocrx_word' id='word_1_154' title='bbox 348 2043 418 2084; x_wconf 88' lang='lat' dir='ltr'>cum</span> <span class='ocrx_word' id='word_1_155' title='bbox 448 2026 630 2087; x_wconf 80' lang='lat' dir='ltr'>anatocismo</span> <span class='ocrx_word' id='word_1_156' title='bbox 658 2033 811 2087; x_wconf 86' lang='lat' dir='ltr'>contentus</span> <span class='ocrx_word' id='word_1_157' title='bbox 841 2042 902 2084; x_wconf 88' lang='lat' dir='ltr'>non</span> <span class='ocrx_word' id='word_1_158' title='bbox 929 2034 1021 2095; x_wconf 92' lang='lat' dir='ltr'>esset;</span> <span class='ocrx_word' id='word_1_159' title='bbox 1050 2043 1053 2048; x_wconf 94' lang='lat'>·</span> 
     </span>
     <span class='ocr_line' id='line_1_20' title="bbox 80 2120 1025 2198; baseline -0.003 -16"><span class='ocrx_word' id='word_1_160' title='bbox 80 2124 135 2195; x_wconf 86' lang='lat' dir='ltr'>alii,</span> <span class='ocrx_word' id='word_1_161' title='bbox 158 2122 227 2180; x_wconf 89' lang='lat' dir='ltr'>nihil</span> <span class='ocrx_word' id='word_1_162' title='bbox 251 2122 373 2181; x_wconf 90' lang='lat' dir='ltr'>stultius.</span> <span class='ocrx_word' id='word_1_163' title='bbox 415 2120 489 2182; x_wconf 91' lang='lat' dir='ltr'>Mihi</span> <span class='ocrx_word' id='word_1_164' title='bbox 513 2133 610 2180; x_wconf 88' lang='lat' dir='ltr'>autem</span> <span class='ocrx_word' id='word_1_165' title='bbox 635 2122 789 2198; x_wconf 88' lang='lat' dir='ltr'>impudens</span> <span class='ocrx_word' id='word_1_166' title='bbox 817 2122 910 2198; x_wconf 85' lang='lat' dir='ltr'>magis</span> <span class='ocrx_word' id='word_1_167' title='bbox 935 2139 1025 2198; x_wconf 91' lang='lat' dir='ltr'>quam</span> 
     </span>
     <span class='ocr_line' id='line_1_21' title="bbox 80 2219 1024 2287; baseline -0.001 -8"><span class='ocrx_word' id='word_1_168' title='bbox 80 2221 183 2279; x_wconf 90' lang='lat' dir='ltr'>stultus</span> <span class='ocrx_word' id='word_1_169' title='bbox 197 2219 363 2278; x_wconf 88' lang='lat' dir='ltr'>videbatur:</span> <span class='ocrx_word' id='word_1_170' title='bbox 385 2238 455 2278; x_wconf 88' lang='lat' dir='ltr'>nam</span> <span class='ocrx_word' id='word_1_171' title='bbox 476 2229 525 2283; x_wconf 84' lang='lat' dir='ltr'>aut</span> <span class='ocrx_word' id='word_1_172' title='bbox 543 2221 624 2282; x_wconf 89' lang='lat' dir='ltr'>bono</span> <span class='ocrx_word' id='word_1_173' title='bbox 641 2220 761 2279; x_wconf 86' lang='lat' dir='ltr'>nomine&#39;</span> <span class='ocrx_word' id='word_1_174' title='bbox 775 2220 940 2287; x_wconf 87' lang='lat' dir='ltr'>centesimis</span> <span class='ocrx_word' id='word_1_175' title='bbox 955 2236 1024 2278; x_wconf 91' lang='lat' dir='ltr'>con·</span> 
     </span>
     <span class='ocr_line' id='line_1_22' title="bbox 78 2318 1024 2393; baseline -0.003 -14"><span class='ocrx_word' id='word_1_176' title='bbox 78 2329 176 2379; x_wconf 88' lang='lat' dir='ltr'>tentus</span> <span class='ocrx_word' id='word_1_177' title='bbox 191 2328 252 2379; x_wconf 91' lang='lat' dir='ltr'>erat</span> <span class='ocrx_word' id='word_1_178' title='bbox 270 2328 319 2376; x_wconf 88' lang='lat' dir='ltr'>aut</span> <span class='ocrx_word' id='word_1_179' title='bbox 337 2336 397 2376; x_wconf 88' lang='lat' dir='ltr'>non</span> <span class='ocrx_word' id='word_1_180' title='bbox 416 2319 496 2379; x_wconf 89' lang='lat' dir='ltr'>bono</span> <span class='ocrx_word' id='word_1_181' title='bbox 515 2327 670 2393; x_wconf 83' lang='lat' dir='ltr'>quaternas</span> <span class='ocrx_word' id='word_1_182' title='bbox 689 2318 861 2380; x_wconf 88' lang='lat' dir='ltr'>centesimas</span> <span class='ocrx_word' id='word_1_183' title='bbox 880 2319 1024 2393; x_wconf 83' lang='lat' dir='ltr'>sperabat</span> 
     </span>
     <span class='ocr_line' id='line_1_23' title="bbox 83 2414 1023 2493; baseline 0 -20"><span class='ocrx_word' id='word_1_184' title='bbox 83 2435 127 2491; x_wconf 84' lang='lat'>¹3·</span> <span class='ocrx_word' id='word_1_185' title='bbox 152 2416 254 2475; x_wconf 89' lang='lat' dir='ltr'>Habes</span> <span class='ocrx_word' id='word_1_186' title='bbox 278 2435 376 2475; x_wconf 89' lang='lat' dir='ltr'>meam</span> <span class='ocrx_word' id='word_1_187' title='bbox 397 2433 523 2486; x_wconf 82' lang='lat' dir='ltr'>causam,</span> <span class='ocrx_word' id='word_1_188' title='bbox 544 2433 619 2490; x_wconf 88' lang='lat' dir='ltr'>quae</span> <span class='ocrx_word' id='word_1_189' title='bbox 640 2414 664 2476; x_wconf 89' lang='lat' dir='ltr'>si</span> <span class='ocrx_word' id='word_1_190' title='bbox 685 2415 776 2479; x_wconf 91' lang='lat' dir='ltr'>Bruto</span> <span class='ocrx_word' id='word_1_191' title='bbox 797 2432 858 2475; x_wconf 86' lang='lat' dir='ltr'>uon</span> <span class='ocrx_word' id='word_1_192' title='bbox 878 2416 1023 2493; x_wconf 88' lang='lat' dir='ltr'>probatur,</span> 
     </span>
     <span class='ocr_line' id='line_1_24' title="bbox 81 2513 1024 2589; baseline -0.001 -17"><span class='ocrx_word' id='word_1_193' title='bbox 81 2514 190 2583; x_wconf 88' lang='lat' dir='ltr'>nescio,</span> <span class='ocrx_word' id='word_1_194' title='bbox 213 2532 263 2572; x_wconf 92' lang='lat' dir='ltr'>cur</span> <span class='ocrx_word' id='word_1_195' title='bbox 283 2514 363 2571; x_wconf 92' lang='lat' dir='ltr'>illum</span> <span class='ocrx_word' id='word_1_196' title='bbox 385 2532 524 2584; x_wconf 85' lang='lat' dir='ltr'>amemus,</span> <span class='ocrx_word' id='word_1_197' title='bbox 544 2513 595 2576; x_wconf 86' lang='lat' dir='ltr'>sed</span> <span class='ocrx_word' id='word_1_198' title='bbox 616 2513 757 2576; x_wconf 88' lang='lat' dir='ltr'>avunculo</span> <span class='ocrx_word' id='word_1_199' title='bbox 778 2514 839 2573; x_wconf 90' lang='lat' dir='ltr'>eius</span> <span class='ocrx_word' id='word_1_200' title='bbox 860 2523 937 2575; x_wconf 91' lang='lat' dir='ltr'>certe</span> <span class='ocrx_word' id='word_1_201' title='bbox 957 2532 1024 2589; x_wconf 88' lang='lat' dir='ltr'>pro·</span> 
     </span>
     <span class='ocr_line' id='line_1_25' title="bbox 80 2610 1025 2687; baseline 0.002 -18"><span class='ocrx_word' id='word_1_202' title='bbox 80 2611 203 2681; x_wconf 87' lang='lat' dir='ltr'>habitur,</span> <span class='ocrx_word' id='word_1_203' title='bbox 217 2612 384 2687; x_wconf 86' lang='lat' dir='ltr'>praesertim</span> <span class='ocrx_word' id='word_1_204' title='bbox 402 2630 469 2674; x_wconf 88' lang='lat' dir='ltr'>eum</span> <span class='ocrx_word' id='word_1_205' title='bbox 489 2622 605 2673; x_wconf 87' lang='lat' dir='ltr'>senatus</span> <span class='ocrx_word' id='word_1_206' title='bbox 627 2610 791 2671; x_wconf 88' lang='lat' dir='ltr'>consultum</span> <span class='ocrx_word' id='word_1_207' title='bbox 811 2610 901 2670; x_wconf 87' lang='lat' dir='ltr'>modo</span> <span class='ocrx_word' id='word_1_208' title='bbox 916 2610 1025 2671; x_wconf 83' lang='lat' dir='ltr'>iactum</span> 
     </span>
     <span class='ocr_line' id='line_1_26' title="bbox 79 2704 1023 2788; baseline -0.002 -19"><span class='ocrx_word' id='word_1_209' title='bbox 79 2712 124 2780; x_wconf 91' lang='lat' dir='ltr'>sit,</span> <span class='ocrx_word' id='word_1_210' title='bbox 140 2725 219 2784; x_wconf 89' lang='lat' dir='ltr'>puto,</span> <span class='ocrx_word' id='word_1_211' title='bbox 235 2720 392 2788; x_wconf 83' lang='lat' dir='ltr'>postquam</span> <span class='ocrx_word' id='word_1_212' title='bbox 412 2719 443 2772; x_wconf 92' lang='lat' dir='ltr'>tu</span> <span class='ocrx_word' id='word_1_213' title='bbox 463 2728 495 2768; x_wconf 89' lang='lat' dir='ltr'>es</span> <span class='ocrx_word' id='word_1_214' title='bbox 513 2708 667 2787; x_wconf 86' lang='lat' dir='ltr'>profectus,</span> <span class='ocrx_word' id='word_1_215' title='bbox 683 2709 713 2765; x_wconf 90' lang='lat' dir='ltr'>in</span> <span class='ocrx_word' id='word_1_216' title='bbox 732 2704 907 2777; x_wconf 81' lang='lat' dir='ltr'>creditorum</span> <span class='ocrx_word' id='word_1_217' title='bbox 928 2726 1023 2780; x_wconf 88' lang='lat' dir='ltr'>causa,</span> 
     </span>
     <span class='ocr_line' id='line_1_27' title="bbox 79 2804 1025 2883; baseline -0.001 -17"><span class='ocrx_word' id='word_1_218' title='bbox 79 2816 112 2867; x_wconf 92' lang='lat' dir='ltr'>ut</span> <span class='ocrx_word' id='word_1_219' title='bbox 137 2808 312 2866; x_wconf 87' lang='lat' dir='ltr'>centesimae</span> <span class='ocrx_word' id='word_1_220' title='bbox 337 2817 477 2883; x_wconf 91' lang='lat' dir='ltr'>perpetuo</span> <span class='ocrx_word' id='word_1_221' title='bbox 506 2806 624 2868; x_wconf 81' lang='lat' dir='ltr'>faenore</span> <span class='ocrx_word' id='word_1_222' title='bbox 652 2805 840 2866; x_wconf 86' lang='lat' dir='ltr'>ducerentur:</span> <span class='ocrx_word' id='word_1_223' title='bbox 872 2804 928 2865; x_wconf 93' lang='lat' dir='ltr'>hoc</span> <span class='ocrx_word' id='word_1_224' title='bbox 954 2804 1025 2882; x_wconf 90' lang='lat' dir='ltr'>quid</span> 
     </span>
     <span class='ocr_line' id='line_1_28' title="bbox 79 2901 1022 2982; baseline -0.002 -18"><span class='ocrx_word' id='word_1_225' title='bbox 79 2906 199 2976; x_wconf 90' lang='lat' dir='ltr'>intersit,</span> <span class='ocrx_word' id='word_1_226' title='bbox 227 2906 252 2963; x_wconf 93' lang='lat' dir='ltr'>si</span> <span class='ocrx_word' id='word_1_227' title='bbox 279 2917 345 2964; x_wconf 93' lang='lat' dir='ltr'>tuos</span> <span class='ocrx_word' id='word_1_228' title='bbox 374 2905 480 2982; x_wconf 87' lang='lat' dir='ltr'>digitos</span> <span class='ocrx_word' id='word_1_229' title='bbox 507 2903 584 2974; x_wconf 88' lang='lat' dir='ltr'>novi,</span> <span class='ocrx_word' id='word_1_230' title='bbox 614 2912 690 2963; x_wconf 90' lang='lat' dir='ltr'>certe</span> <span class='ocrx_word' id='word_1_231' title='bbox 718 2901 808 2963; x_wconf 88' lang='lat' dir='ltr'>habes</span> <span class='ocrx_word' id='word_1_232' title='bbox 841 2903 1022 2964; x_wconf 85' lang='lat' dir='ltr'>subductum.</span> 
     </span>
     <span class='ocr_line' id='line_1_29' title="bbox 78 2992 1025 3078; baseline 0 -18"><span class='ocrx_word' id='word_1_233' title='bbox 78 3001 116 3060; x_wconf 93' lang='lat' dir='ltr'>In</span> <span class='ocrx_word' id='word_1_234' title='bbox 137 3020 197 3078; x_wconf 92' lang='lat' dir='ltr'>quo</span> <span class='ocrx_word' id='word_1_235' title='bbox 216 3002 342 3077; x_wconf 93' lang='lat' dir='ltr'>quidem,</span> <span class='ocrx_word' id='word_1_236' title='bbox 362 3006 422 3058; x_wconf 85' lang='grc' dir='ltr'>ὁδοῦ</span> <span class='ocrx_word' id='word_1_237' title='bbox 442 3005 577 3076; x_wconf 78' lang='grc' dir='ltr'>πάρεργον,</span> <span class='ocrx_word' id='word_1_238' title='bbox 599 2997 637 3058; x_wconf 86' lang='lat' dir='ltr'>L.</span> <span class='ocrx_word' id='word_1_239' title='bbox 658 2998 800 3061; x_wconf 90' lang='lat' dir='ltr'>Lucceius</span> <span class='ocrx_word' id='word_1_240' title='bbox 824 2992 907 3060; x_wconf 80' lang='lat' dir='ltr'><strong>M.&#39;f.</strong></span> <span class='ocrx_word' id='word_1_241' title='bbox 930 3003 1025 3077; x_wconf 88' lang='lat' dir='ltr'>queri·</span> 
     </span>
     <span class='ocr_line' id='line_1_30' title="bbox 78 3097 1025 3182; baseline 0.002 -26"><span class='ocrx_word' id='word_1_242' title='bbox 78 3111 125 3157; x_wconf 91' lang='lat' dir='ltr'>tur</span> <span class='ocrx_word' id='word_1_243' title='bbox 150 3100 228 3175; x_wconf 93' lang='lat' dir='ltr'>apud</span> <span class='ocrx_word' id='word_1_244' title='bbox 252 3119 300 3158; x_wconf 92' lang='lat' dir='ltr'>me</span> <span class='ocrx_word' id='word_1_245' title='bbox 326 3119 378 3182; x_wconf 88' lang='lat' dir='ltr'>per</span> <span class='ocrx_word' id='word_1_246' title='bbox 400 3101 506 3160; x_wconf 88' lang='lat' dir='ltr'>litteras</span> <span class='ocrx_word' id='word_1_247' title='bbox 535 3115 682 3157; x_wconf 91' lang='lat' dir='ltr'>summum</span> <span class='ocrx_word' id='word_1_248' title='bbox 706 3101 772 3156; x_wconf 87' lang='lat' dir='ltr'>esse&#39;</span> <span class='ocrx_word' id='word_1_249' title='bbox 795 3097 963 3178; x_wconf 78' lang='lat' dir='ltr'>periculum,</span> <span class='ocrx_word' id='word_1_250' title='bbox 986 3117 1025 3159; x_wconf 86' lang='lat' dir='ltr'>ne</span> 
     </span>
     <span class='ocr_line' id='line_1_31' title="bbox 79 3193 1025 3276; baseline -0.003 -21"><span class='ocrx_word' id='word_1_251' title='bbox 79 3197 166 3276; x_wconf 92' lang='lat' dir='ltr'>culpa</span> <span class='ocrx_word' id='word_1_252' title='bbox 194 3207 310 3256; x_wconf 91' lang='lat' dir='ltr'>senatus</span> <span class='ocrx_word' id='word_1_253' title='bbox 333 3197 377 3256; x_wconf 93' lang='lat' dir='ltr'>his</span> <span class='ocrx_word' id='word_1_254' title='bbox 405 3197 527 3257; x_wconf 87' lang='lat' dir='ltr'>decretis</span> <span class='ocrx_word' id='word_1_255' title='bbox 560 3214 606 3256; x_wconf 90' lang='lat' dir='ltr'>res</span> <span class='ocrx_word' id='word_1_256' title='bbox 634 3195 671 3253; x_wconf 89' lang='lat' dir='ltr'>ad</span> <span class='ocrx_word' id='word_1_257' title='bbox 699 3193 811 3255; x_wconf 92' lang='lat' dir='ltr'>tabulas</span> <span class='ocrx_word' id='word_1_258' title='bbox 838 3212 929 3254; x_wconf 86' lang='lat' dir='ltr'>novas</span> <span class='ocrx_word' id='word_1_259' title='bbox 961 3213 1025 3270; x_wconf 92' lang='lat' dir='ltr'>per-</span> 
     </span>
     <span class='ocr_line' id='line_1_32' title="bbox 79 3290 1025 3370; baseline 0.001 -20"><span class='ocrx_word' id='word_1_260' title='bbox 79 3295 175 3352; x_wconf 86' lang='lat' dir='ltr'>veniat</span> <span class='ocrx_word' id='word_1_261' title='bbox 183 3314 191 3366; x_wconf 91' lang='lat'>;</span> <span class='ocrx_word' id='word_1_262' title='bbox 212 3305 430 3367; x_wconf 89' lang='lat' dir='ltr'>commemorat,</span> <span class='ocrx_word' id='word_1_263' title='bbox 442 3294 511 3370; x_wconf 90' lang='lat' dir='ltr'>quid</span> <span class='ocrx_word' id='word_1_264' title='bbox 526 3293 596 3351; x_wconf 93' lang='lat' dir='ltr'>olim</span> <span class='ocrx_word' id='word_1_265' title='bbox 609 3293 678 3354; x_wconf 89' lang='lat' dir='ltr'>mali</span> <span class='ocrx_word' id='word_1_266' title='bbox 692 3290 726 3349; x_wconf 93' lang='lat' dir='ltr'>C.</span> <span class='ocrx_word' id='word_1_267' title='bbox 738 3291 827 3349; x_wconf 92' lang='lat' dir='ltr'>Iulius</span> <span class='ocrx_word' id='word_1_268' title='bbox 841 3290 946 3362; x_wconf 86' lang='lat' dir='ltr'>lecerit,</span> <span class='ocrx_word' id='word_1_269' title='bbox 958 3310 1025 3351; x_wconf 92' lang='lat' dir='ltr'>cum</span> 
     </span>
     <span class='ocr_line' id='line_1_33' title="bbox 78 3387 1025 3471; baseline -0.003 -21"><span class='ocrx_word' id='word_1_270' title='bbox 78 3391 222 3451; x_wconf 86' lang='lat' dir='ltr'>dieculam</span> <span class='ocrx_word' id='word_1_271' title='bbox 243 3392 356 3451; x_wconf 81' lang='lat' dir='ltr'>duxerit</span> <span class='ocrx_word' id='word_1_272' title='bbox 363 3411 372 3468; x_wconf 70' lang='grc' dir='ltr'><strong><em>ς</em></strong></span> <span class='ocrx_word' id='word_1_273' title='bbox 394 3410 555 3471; x_wconf 89' lang='lat' dir='ltr'>numquam</span> <span class='ocrx_word' id='word_1_274' title='bbox 576 3392 617 3449; x_wconf 89' lang='lat' dir='ltr'>rei</span> <span class='ocrx_word' id='word_1_275' title='bbox 638 3389 770 3468; x_wconf 88' lang='lat' dir='ltr'>publicae</span> <span class='ocrx_word' id='word_1_276' title='bbox 790 3387 864 3466; x_wconf 76' lang='lat' dir='ltr'>plus</span> <span class='ocrx_word' id='word_1_277' title='bbox 908 3387 966 3449; x_wconf 89' lang='lat' dir='ltr'>Sed</span> <span class='ocrx_word' id='word_1_278' title='bbox 986 3388 1025 3447; x_wconf 89' lang='lat' dir='ltr'>ad</span> 
     </span>
    </p>
   </div>
   <div class='ocr_carea' id='block_1_3' title="bbox 0 0 1180 3788">
    <p class='ocr_par' dir='ltr' id='par_1_3' title="bbox 0 0 1180 3788">
     <span class='ocr_line' id='line_1_34' title="bbox 0 0 1180 3788; baseline 0 0"><span class='ocrx_word' id='word_1_279' title='bbox 0 0 1180 3788; x_wconf 95' lang='lat' dir='ltr'> </span> 
     </span>
    </p>
   </div>
   <div class='ocr_carea' id='block_1_4' title="bbox 10 3706 117 3765">
    <p class='ocr_par' dir='ltr' id='par_1_4' title="bbox 10 3706 117 3765">
     <span class='ocr_line' id='line_1_35' title="bbox 10 3706 117 3765; baseline 0 0"><span class='ocrx_word' id='word_1_280' title='bbox 10 3706 117 3765; x_wconf 65' lang='lat' dir='ltr'>urhe..</span> 
     </span>
    </p>
   </div>
  </div>
 </body>
</html>
