2356 3810
116 217 155 284 26
380 232 418 281 ru.
445 230 562 280 rurrrr
583 232 770 281 crcanorrrs
952 217 1022 302 [ras
1038 233 1055 280 1.

114 387 202 447 Nunc
221 399 320 447 tamen
341 389 411 465 petit
429 390 532 447 iterum
552 390 593 448 rei
616 391 749 466 publicae
775 408 871 448 causa.
912 386 1056 447 Lucceius

114 488 184 562 quid
211 498 287 562 agat,
312 489 435 546 scribam
465 488 502 545 ad
534 498 571 558 te,
600 506 667 545 cum
691 487 848 546 Caesarem
873 488 982 556 videro,
1007 487 1056 564 qui

115 585 205 642 aderit
226 584 324 642 biduo.
371 603 415 643 10.
438 584 528 656 Quod
552 584 678 660 Sicyonii
699 595 727 642 te
748 585 1007 655 laedunt„Catoni
1027 595 1056 642 et

114 683 176 740 eius
190 682 357 740 aemulatori
372 682 508 741 attribues
523 681 649 741 Servilio.
682 681 783 753 Quid?
805 700 840 740 ea
852 665 941 758 plag‘a
955 686 1056 741 rionne

114 780 153 838 ad
183 779 290 838 multos
323 781 419 838 bonos
446 780 523 838 viros
555 781 698 855 pertinet?
733 780 794 850 sed,
822 781 846 838 si
873 779 912 838 ita
939 779 1056 856 placuit,

114 877 280 948 laudemus;
313 877 417 935 deinde
444 877 475 934 in
503 877 728 936 discessionibus
760 877 813 936 soli
841 876 1054 952 relinquamur!

114 974 268 1032 Amalthea
286 957 353 1032 mea
366 983 395 1032 te
409 985 557 1050 exspectat
576 985 604 1033 et
623 976 732 1050 indiget
748 976 799 1032 tui.
843 992 888 1032 11.
911 973 1056 1033 Tuscula-

114 1091 186 1131 num
205 1082 233 1130 et
254 1072 464 1148 Pompeianum
480 1073 563 1131 valde
583 1091 632 1130 me
651 1072 803 1143 delectant,
825 1072 880 1130 nisi
898 1072 980 1148 quod
999 1090 1056 1143 me,

114 1172 194 1230 illum
208 1172 304 1246 ipsum
318 1171 461 1229 vindicem
476 1171 549 1228 aeris
564 1171 656 1241 alieni,
671 1189 737 1229 aere
752 1189 812 1229 non
828 1170 989 1241 Corinthio,
1005 1169 1056 1229 sed

114 1269 172 1329 hoc
193 1267 422 1327 circumforaneo
443 1268 607 1327 obruerunt
648 1267 685 1325 In
706 1267 799 1326 Gallia
819 1286 971 1344 speramus
992 1285 1057 1327 esse

115 1369 212 1425 otium.
256 1366 448 1441 Prognostica
474 1383 541 1423 mea
569 1384 635 1424 curn
665 1367 851 1426 oratiunculis
882 1366 1055 1443 propediem

115 1474 270 1541 exspecta3
292 1474 320 1522 et
341 1474 447 1533 tamen,
467 1464 537 1539 quid
556 1464 666 1538 cogites
686 1463 723 1522 de
742 1463 867 1522 adventu
883 1474 943 1534 tue,
962 1465 1056 1522 scribe

116 1563 154 1621 ad
178 1581 249 1621 nos:
271 1580 340 1619 narn
363 1561 433 1618 mibi
456 1560 622 1637 Pomponia
644 1561 770 1619 nuntiari
788 1562 877 1632 iussit,
900 1571 929 1620 te
953 1580 1056 1620 mense

117 1660 236 1732 Quintili
258 1659 372 1717 Romae
393 1659 471 1729 fore;
493 1658 523 1716 id
545 1677 563 1716 a
585 1659 641 1717 tuis
661 1659 768 1731 litteris,
792 1679 865 1735 quas
886 1660 924 1718 ad
947 1679 997 1719 me
1020 1661 1057 1720 de

117 1776 207 1815 censu
235 1768 285 1815 tuo
314 1755 441 1826 miseras,
464 1757 653 1832 discrepabat.
700 1774 745 1814 12.
773 1755 887 1827 Paetus,
915 1768 948 1816 ut
972 1768 1058 1815 antea

117 1857 154 1914 ad
175 1871 203 1914 te
224 1856 333 1932 scripsi,
354 1873 458 1914 omnes
478 1855 576 1925 libros,
596 1873 670 1932 quos
691 1854 776 1913 irater
797 1873 866 1914 suus
886 1855 1057 1932 reliquisset,

117 1955 187 2013 mihi
202 1955 327 2012 donavit.
370 1952 439 2012 Hoc
453 1953 526 2012 illius
540 1971 645 2011 munus
660 1954 690 2010 in
704 1962 753 2010 tua
768 1953 915 2029 diligentia
928 1955 1058 2029 positum

118 2060 178 2108 est:
200 2049 224 2107 si
245 2067 293 2106 me
310 2067 400 2119 amas,
418 2066 487 2107 cura
506 2058 539 2106 ut
559 2058 765 2106 conserventur
785 2058 814 2105 et
835 2047 873 2105 ad
893 2065 942 2105 me
962 2048 1058 2123 perle-

117 2157 228 2219 rantur;
246 2147 304 2207 hoc
317 2147 388 2204 mihi
403 2145 472 2203 nihil
485 2155 581 2221 potest
595 2162 658 2203 esse
673 2145 790 2220 gratius,
799 2155 828 2204 et
841 2163 908 2203 cum
917 2143 1058 2213 Graecos,

118 2257 180 2303 tum
200 2261 268 2303 vero
288 2244 439 2319 diligenter
452 2242 573 2301 Latinos
593 2252 625 2300 ut
646 2260 800 2301 conserves
820 2242 915 2301 velim.
958 2240 1059 2300 Tuum

119 2340 254 2400 essehoc
269 2341 473 2399 munusculum
488 2340 606 2414 putabo
634 2338 683 2398 Ad
693 2340 845 2399 Octarium
856 2338 922 2397 dedi
933 2338 1041 2397 litteras
1049 2358 1058 2410 ;

120 2458 187 2498 cum
202 2441 266 2515 ipso
280 2438 349 2495 nihil
363 2455 442 2495 eram
455 2436 586 2494 locutus:
607 2454 703 2513 neque
717 2437 795 2495 enirn
810 2439 864 2495 ista
877 2447 926 2493 tua
940 2437 1060 2512 negotia

119 2536 303 2614 provincialia
324 2553 389 2593 esse
409 2535 557 2610 putabam,
572 2551 667 2609 neque
688 2543 717 2591 te
737 2534 769 2589 in
790 2533 995 2592 tocullionibus
1008 2533 1060 2593 ha-

119 2636 225 2693 bebam
235 2651 244 2706 ;
266 2633 318 2690 sed
339 2631 449 2707 scripsi,
469 2641 500 2687 ut
521 2630 616 2700 debui,
638 2629 797 2706 diligenter.

337 2802 384 2856 10.
428 2796 485 2854 ΑΙ)
507 2796 701 2856 ATTICUM
724 2796 763 2855 11.
787 2797 834 2857 16.

164 2912 231 2972 Scn.
251 2932 282 2971 ur
302 2912 458 2972 Forumuo
478 2929 606 2970 nummu
626 2929 720 2970 nense
742 2912 826 2971 Miro
847 2929 929 2972 auc.
953 2914 1020 2989 695.

433 3037 534 3078 cronno
556 3036 662 3077 arrico
683 3036 745 3077 snt.

163 3152 188 3192 1.
218 3132 339 3191 Cunaro
361 3132 432 3189 mihi
456 3142 485 3190 et
513 3133 571 3190 iarn
594 3133 760 3191 dormitanti
784 3133 875 3208 pridie
899 3131 939 3191 K.
965 3132 1062 3192 Maias

119 3231 241 3309 epistola
255 3242 298 3287 est
312 3231 359 3288 illa
373 3230 491 3300 reddita,
510 3232 540 3288 in
560 3248 617 3305 qua
637 3230 673 3287 de
690 3248 761 3305 agro
776 3229 929 3306 Campano
952 3231 1063 3289 scribis.

121 3330 200 3401 Quid
223 3329 357 3404 quaeris?
386 3329 481 3404 primo
502 3330 541 3385 ita
561 3346 609 3385 me
629 3329 759 3404 pupugit,
781 3339 812 3385 ut
833 3345 971 3385 somnum
992 3327 1064 3385 mihi

120 3424 266 3493 ademerit,
302 3423 355 3480 sed
389 3422 419 3480 id
453 3423 628 3498 cogitatione
658 3423 751 3497 magis
787 3439 874 3498 quam
908 3421 1062 3496 molestia3
