2356 3810
64 227 115 289 ap.
134 207 187 300 ta]
294 223 406 278 amsa.
428 225 479 272 AD
499 225 665 274 arricum
683 227 721 278 rr.
747 231 796 297 19.
970 231 1008 299 31

70 382 238 459 ‘dignitatis
270 386 335 455 ἅλις,
363 394 512 460 tamquam
542 386 634 458 δρυόςε
669 385 761 455 saluti,
790 383 815 443 si
842 402 890 442 me
921 402 1011 456 amas,

69 481 209 540 consule!
251 480 303 540 Me
330 483 486 540 misemml
515 500 565 542 cur
586 500 647 540 non
668 483 760 542 ades?
789 481 858 540 nihil
879 482 1011 558 profecto

69 588 100 634 te
115 579 280 652 praeteriret
289 597 298 651 ;
321 597 377 654 ego
395 579 517 638 fortasse
536 584 679 653 τυφλώττω
698 590 727 638 et
745 581 866 638 nimium
885 585 921 656 τῷ
941 584 1011 655 καλῷ

68 677 261 745 προπέπονθα,
307 696 333 735 a.
355 675 433 735 Scito
453 677 523 734 nihil
544 695 684 753 umquam
704 677 793 737 suisse
814 687 873 735 tam
894 677 1011 747 infame,

67 782 131 830 tam
151 783 243 848 turpe,
263 783 323 831 tam
344 791 488 850 peraeque
508 775 644 833 omnibus
664 775 829 848 generibus,
852 776 1011 845 ordinibus,

68 871 212 928 aetatibus
239 871 394 941 offensum,
420 891 507 948 quam
534 871 612 931 hunc
640 881 755 937 statum.
783 873 832 948 qui
856 891 934 931 nunc
959 884 1011 943 est,

67 969 164 1044 magis
178 968 350 1040 mehercule,
361 988 450 1046 quam
463 970 574 1042 vellem,
589 988 649 1030 uon
663 971 753 1030 modo
768 989 856 1046 quam
871 981 1011 1046 putaram.

68 1065 229 1141 Populares
242 1067 289 1124 isti
302 1067 361 1124 iam
375 1068 462 1125 etiam
480 1068 628 1126 modestos
645 1067 778 1126 homines
793 1068 906 1127 sibilare
921 1070 1012 1128 docu-

67 1175 162 1221 erunt.
204 1162 325 1223 Bibulus
349 1165 379 1222 in
402 1164 483 1224 caelo
506 1177 558 1235 est,
581 1184 636 1224 uec
661 1184 719 1242 qua
743 1184 773 1224 re
799 1166 869 1237 sci0‚
897 1167 950 1225 sed
970 1168 1011 1226 ita

66 1261 210 1334 laudatur,
231 1263 315 1338 quasi

255 1376 320 1423 Unus
336 1377 408 1423 homo
425 1378 489 1424 nobis
506 1379 634 1425 cunctando
650 1379 749 1426 restituit
764 1394 822 1427 rem.
900 1376 901 1380 ’

68 1475 237 1553 Pompeius,
260 1478 350 1535 nostri
370 1496 493 1548 amores,
516 1479 597 1555 quod
617 1479 687 1537 mihi
708 1496 825 1538 summo
847 1479 940 1538 dolori
958 1489 1010 1550 est,

68 1575 133 1650 ipse
163 1593 194 1633 se
227 1574 355 1633 adflixitt
390 1577 537 1634 neminem
565 1586 644 1636 tenet
671 1577 835 1650 voluntate3
865 1595 903 1635 ne
930 1588 1011 1636 metu

67 1691 189 1732 necesse
217 1675 253 1732 sit
280 1675 315 1732 iis
342 1676 392 1744 uti,
420 1693 527 1734 vereor.
569 1674 636 1750 Ego
663 1687 761 1735 autem
789 1695 884 1753 neque
909 1695 1010 1752 pugno

68 1790 137 1829 cum
158 1772 205 1829 illa
226 1791 314 1831 causa
333 1782 452 1848 propter
470 1774 548 1832 illam
567 1775 731 1845 amicitiam,
752 1792 848 1850 neque
870 1776 1009 1850 approbo,

66 1884 107 1922 ne
134 1867 234 1924 omnia
261 1868 433 1942 improbem,
462 1886 537 1944 quae
566 1878 651 1926 antea
677 1868 772 1945 gessi:
801 1879 866 1926 utor
886 1869 939 1926 via.
983 1888 1009 1943 3.

66 1963 173 2039 Populi
194 1982 296 2023 sensus
315 1965 574 2049 maximeltheatro
595 1976 623 2024 et
647 1967 818 2042 spectaculis
841 1977 1009 2042 perspectus

66 2072 130 2120 est:
152 2080 221 2120 nam
235 2061 441 2139 gladiatoribus
460 2083 517 2139 qua
538 2064 673 2123 domiuus
693 2083 750 2140 qua
769 2064 900 2123 advocati
920 2065 1009 2122 sibilis

66 2160 227 2230 conscissi;
262 2160 337 2218 ludis
371 2160 597 2236 Apollinaribus⁴
621 2160 755 2238 Diphilus
788 2162 944 2237 tragoedus
978 2162 1009 2220 in

66 2269 200 2317 nostrum
222 2256 395 2333 Pompeium
415 2249 575 2334 petulanter
595 2257 723 2318 invectus
744 2269 806 2318 est:

328 2371 413 2418 Nostra
432 2372 520 2418 miseria
537 2380 563 2418 tu
580 2387 603 2419 es
619 2387 748 2436 maguus-

66 2472 170 2530 millies
192 2481 310 2530 coactus
332 2483 375 2529 est
396 2471 510 2545 dicere3

142 2585 247 2632 Eandem
259 2587 369 2632 virtutem
386 2586 453 2632 istam
470 2587 546 2633 veniet
563 2595 653 2648 tempus
670 2602 723 2634 cum
740 2587 840 2652 graviter
857 2603 933 2652 gemet

65 2686 155 2745 totius
176 2666 278 2742 theatri
300 2685 425 2744 clamore
451 2685 521 2744 dixit
550 2687 676 2762 itemque
704 2697 807 2746 cetera.
849 2685 927 2745 Nam
948 2689 1009 2748 eius

65 2784 148 2842 modi
169 2794 236 2841 sunt
256 2784 275 2840 ii
295 2801 402 2852 versus,
430 2785 471 2842 uti
492 2785 522 2842 in
542 2794 658 2862 tempus
679 2786 717 2844 ab
737 2786 856 2845 inimico
877 2785 1009 2862 Pompeii

64 2882 166 2960 scripti
187 2899 250 2940 esse
271 2881 427 2941 videantur.

289 2996 311 3043 si
328 3010 401 3057 neque
418 2997 478 3059 leges
495 3011 568 3057 neque
584 3013 659 3044 mores
675 3007 794 3061 coguut-

65 3094 107 3154 Et
127 3105 223 3155 cetera
243 3113 353 3172 magno
382 3115 449 3154 cum
477 3096 592 3155 fremitu
620 3108 648 3156 et
676 3100 802 3158 clamore
831 3110 897 3158 sunt
925 3100 1008 3159 dicta

66 3194 177 3254 Caesar
207 3211 274 3251 cum
304 3193 429 3251 venisset
457 3203 573 3254 mortuo
601 3195 713 3271 plausu,
746 3195 834 3255 Curio
862 3197 937 3255 filius
966 3207 1010 3256 est

66 3293 237 3350 insecutus:
272 3291 338 3349 huic
369 3292 409 3349 ita
437 3292 570 3367 plausum
602 3303 653 3364 est,
674 3303 706 3352 ut
734 3294 812 3352 salva
835 3313 866 3352 re
894 3295 1011 3370 publica

68 3389 213 3466 Pompeio
234 3389 333 3467 plaudi
354 3391 473 3450 solebat.
516 3391 596 3451 Tulit
615 3391 723 3451 Caesar
741 3393 880 3471 graviter:
901 3393 1010 3454 litterae
