2348 3788
61 192 173 276 rma]
266 205 381 256 aaran
403 207 453 255 An
474 205 696 256 rarrnnrnns
718 208 743 255 r.
766 213 796 278 9.
964 192 1003 257 81

61 357 151 413 etiam
161 353 263 412 virium
278 365 306 413 et
320 355 426 415 coloris
439 356 582 415 rationem
601 355 707 415 habere
721 355 896 416 voluissent:
917 374 1005 427 nunc,

61 463 95 511 ut
115 452 233 528 Apelles
254 452 377 512 Veneris
399 465 535 531 caputet
556 473 669 512 summa
689 456 815 531 pectoris
835 455 1006 531 politissima

62 561 124 608 arte
139 549 266 626 perfecit,
281 551 420 628 reliquam
434 563 547 628 partem
561 553 691 628 corporis
705 551 872 610 inchoatam
885 551 1005 627 reliquit,

63 649 106 707 sic
133 647 252 723 quidam
279 648 412 708 homines
435 650 465 707 in
489 651 583 726 capite
603 667 671 708 meo
700 649 794 707 solum
814 649 1005 720 elaborarunt,

62 745 205 822 reliquum
229 764 335 823 corpus
362 747 563 823 imperfectum
584 766 618 806 ac
639 747 711 805 rude
731 747 914 824 reliquerunt.
959 749 1005 805 16.

62 843 100 901 In
115 861 175 919 quo
190 861 247 919 ego
262 862 345 920 spem
364 844 450 903 fefelli
469 865 530 905 non
550 846 641 904 modo
660 844 833 914 invidorum,
848 845 900 903 sed
919 845 1006 902 etiam

63 941 247 1000 inimicorum
268 959 408 1014 meomm,
430 944 479 1019 qui
501 943 537 1002 de
558 960 618 1001 uno
640 943 780 1001 acerrimo
802 952 830 999 et
850 942 1005 1001 fortissimo

63 1039 125 1097 viro
139 1056 266 1116 meoque
284 1040 391 1099 iudicio
413 1042 545 1099 omnium
565 1039 764 1114 magnitudine
786 1039 875 1096 animi
894 1049 921 1098 et
936 1057 1006 1098 con-

64 1137 170 1195 stantia
190 1139 438 1213 praestantissimo
460 1139 498 1212 Q.
513 1139 632 1196 Metello
650 1137 684 1195 L.
699 1136 718 1195 f.
733 1137 884 1212 quondam
904 1136 1007 1195 falsam

63 1235 234 1310 opinionem
248 1247 430 1312 acceperunt,
442 1256 531 1314 quem
549 1247 617 1312 post
633 1236 757 1294 reditum
772 1235 902 1292 dictitant
915 1234 1006 1293 fracto

63 1333 164 1390 animo
187 1344 215 1391 et
236 1334 365 1393 demisso
385 1334 490 1405 fuisse;
515 1330 571 1416 [est
591 1351 659 1391 vero
680 1327 886 1413 probandum‚]
909 1334 1007 1408 quiet

64 1449 179 1489 summa
206 1432 352 1490 voluntate
382 1433 500 1491 cesserit
532 1442 561 1491 et
592 1431 709 1508 egregia
741 1431 830 1488 animi
863 1430 1006 1488 alacritate

63 1528 167 1586 afuerit
187 1547 283 1606 neque
304 1547 375 1588 sane
390 1531 483 1588 redire
504 1530 616 1599 curarit,
630 1547 698 1587 eum
719 1529 758 1586 ob
776 1528 805 1585 id
823 1528 920 1603 ipsum
933 1525 1007 1584 frac-

63 1638 127 1685 tum
152 1625 248 1696 fuisse,
270 1627 300 1683 in
322 1645 381 1702 quo
407 1645 474 1686 cum
497 1645 600 1686 omnes
623 1626 757 1684 homines
778 1636 841 1684 tum
863 1623 904 1682 M.
928 1623 1006 1682 illum

65 1725 208 1784 Scaurum
222 1723 397 1799 singularem
415 1725 507 1783 virum
526 1724 689 1783 constantia
705 1732 734 1780 et
754 1723 891 1798 gravitate
909 1739 1007 1797 super-

63 1825 160 1883 assetl
182 1822 243 1893 sed,
258 1823 338 1897 quod
352 1823 389 1881 de
402 1823 451 1881 illo
465 1833 637 1900 acceperant
651 1831 700 1880 aut
719 1821 806 1879 etiam
820 1819 1007 1895 suspicaban-

64 1934 118 1989 tur,
134 1921 171 1978 de
185 1938 232 1978 me
253 1919 331 1978 idem
344 1921 518 1994 cogitabant,
534 1920 687 1978 abiectiore
701 1919 799 1976 animo
819 1935 866 1975 me
881 1917 1007 1975 futurum

63 2037 132 2078 cum
157 2036 203 2076 res
230 2018 346 2093 publica
373 2019 513 2075 maiorem
541 2017 629 2076 etiam
656 2015 727 2074 mihi
754 2015 892 2086 animum,
919 2032 1007 2089 quam

62 2134 205 2192 umquam
223 2115 398 2184 habuissem,
414 2115 502 2184 daret,
517 2133 584 2173 cum
604 2114 776 2172 declarasset
797 2130 828 2170 se
847 2129 909 2170 non
923 2126 1006 2186 potu-

62 2215 122 2272 isse
136 2231 184 2270 me
198 2230 257 2270 uno
271 2213 325 2271 civi
346 2230 443 2270 carere
453 2231 461 2284 ;
484 2229 609 2287 cumque
628 2211 778 2271 Metellum
796 2210 882 2268 unius
902 2208 1007 2266 tribuni

63 2311 104 2388 pl.
125 2310 247 2385 rogati0,
267 2328 315 2368 me
333 2309 466 2368 universa
485 2327 532 2366 res
553 2309 676 2385 publica,
695 2309 768 2366 duce
790 2316 900 2377 senatu,
916 2306 1007 2364 comi-

63 2419 144 2467 tante
165 2408 255 2477 Italia,
270 2407 522 2483 promulgantibus
542 2416 611 2465 octo
630 2408 760 2472 tribunis,
777 2405 917 2464 referente
936 2422 1007 2462 con·

65 2507 127 2566 sule
144 2506 268 2564 comitiis
283 2505 456 2575 centuriatis,
471 2505 583 2562 cunctis
600 2506 758 2574 ordinibus,
776 2503 942 2562 hominibus
963 2503 1007 2560 in·

63 2603 277 2673 cumbentibus,
291 2603 427 2660 omnibus
443 2602 567 2678 denique
587 2603 645 2661 suis
658 2603 764 2660 viribus
783 2601 1004 2677 reciperavisset.

67 2715 114 2775 ¹¹1·
137 2700 242 2776 Neque
269 2717 338 2758 vero
369 2718 425 2776 ego
448 2699 517 2756 mibi
545 2710 648 2775 postea
675 2701 831 2776 quicquam
858 2697 1007 2774 adsumpsi

63 2817 161 2875 neque
174 2798 261 2856 hodie
276 2798 408 2869 adsumo,
420 2797 500 2874 quod
513 2816 690 2873 quemquam
703 2797 1007 2856 malevolentissimum

63 2898 126 2955 iure
150 2896 242 2971 possit
265 2895 430 2953 offendere:
461 2905 573 2954 tantum
601 2897 701 2966 enitor,
726 2905 758 2953 ut
785 2913 880 2971 neque
907 2895 1007 2953 amicis

15 2982 24 2993 ’
63 3011 161 3070 neque
183 2993 270 3050 etiam
293 2992 475 3050 alienioribus
503 3010 602 3068 opera,
623 2992 753 3063 consilio,
777 2991 876 3050 labore
905 2991 1005 3050 desim.

63 3091 124 3151 Hic
146 3107 230 3148 meae
254 3090 328 3148 vitae
347 3108 447 3148 cursus
468 3090 589 3148 offendit
610 3108 662 3148 eos
682 3090 812 3160 fortasse,
837 3089 886 3166 qui
911 3089 1006 3164 splen-

63 3190 168 3249 dorem
182 3197 211 3245 et
225 3189 352 3263 speciem
366 3186 450 3246 huius
464 3189 537 3246 vitae
552 3189 705 3258 intuentur,
720 3188 941 3246 sollicitudinem
955 3206 1006 3244 au-

62 3300 124 3347 tem
153 3295 182 3344 et
208 3285 338 3343 laborem
368 3285 532 3360 perspicere
560 3304 622 3343 non
649 3295 779 3361 possunt.
836 3284 911 3342 Illud
938 3303 1006 3344 vero

63 3403 127 3445 nou
148 3383 271 3442 obscure
293 3392 458 3460 queruntur,
477 3384 507 3440 in
521 3383 594 3442 meis
609 3383 765 3454 sententiis,
781 3382 886 3458 quibus
903 3398 1006 3440 ornem

526 3498 545 3540 o
