2348 3788
61 222 155 284 rp.95‚
169 205 225 288 9⁶.]
259 217 372 269 EPIST.
388 216 438 265 Ao
459 216 685 266 rarrrrntnns
706 220 755 268 ιν.
775 222 824 270 11.
941 217 1005 286 205

248 440 295 494 95.
338 435 396 492 ΑΙ)
416 435 668 494 FAMILIARES
690 435 742 493 IV.
767 454 812 494 11.

184 549 250 610 Sex.
272 551 439 610 Murruanrs
459 569 594 609 uxauum
615 569 692 610 nuno
714 568 798 610 auc.
821 563 836 624 7
861 551 887 609 8.
1042 588 1047 642 ι

343 725 344 728 ¹
360 675 530 716 Maxentius
551 675 684 717 crcunoxr
698 673 720 716 s.

106 791 132 832 1.
152 771 316 831 Puvmuuu
334 771 456 830 valuisse
477 771 555 847 apud
576 789 623 828 me
645 781 725 828 tuam
746 788 861 845 semper
881 769 1006 827 auctori·

61 881 151 930 tatem
166 889 232 928 cum
246 871 276 927 in
291 870 371 926 omni
385 889 415 928 re
430 879 492 927 tum
511 871 541 927 in
560 869 617 928 hoc
638 870 763 927 maxime
782 870 901 945 negotio
921 879 1006 945 potes

62 971 233 1029 existimare.
276 967 352 1026 Cum
371 967 441 1025 mihi
461 966 494 1027 C.
510 967 672 1039 Marcellus,
688 967 773 1025 irater
792 967 1005 1025 amantissimus

62 1069 129 1136 mei,
144 1085 205 1124 non
220 1066 315 1124 solum
329 1067 482 1124 consilium
497 1065 585 1135 daret,
602 1066 653 1123 sed
673 1065 806 1141 precibus
821 1083 938 1141 quoque
957 1082 1005 1122 me

62 1168 235 1233 obsecraret,
245 1182 307 1221 non
317 1165 396 1240 prius
407 1165 478 1221 mihi
492 1164 664 1240 persuadere
679 1164 780 1238 potuit,
790 1182 878 1239 quam
892 1163 948 1221 tuis
962 1173 1006 1220 est

63 1264 199 1322 effectum
213 1262 313 1320 litteris
326 1273 357 1320 ut
371 1271 464 1319 uterer
474 1272 568 1320 vestro
583 1261 764 1337 potissimum
777 1261 906 1318 consilio.
945 1259 1005 1318 Res

63 1360 340 1437 quemadmodum
360 1360 396 1417 sit
414 1369 486 1429 acta,
499 1369 609 1417 vestrae
630 1359 739 1417 litterae
759 1358 830 1415 mihi
853 1357 1007 1418 declarant.

64 1454 224 1513 Gratulatio
239 1464 288 1511 tua
302 1454 356 1512 etsi
371 1463 415 1511 est
429 1453 499 1510 mihi
513 1453 725 1528 probatissima,
741 1453 821 1529 quod
835 1454 872 1510 ab
891 1453 1004 1527 optimo

64 1550 95 1607 fit
110 1549 217 1618 animo,
231 1558 329 1605 tamen
342 1546 398 1604 hoc
413 1547 483 1604 mihi
497 1548 587 1606 multo
607 1548 759 1606 iucundius
780 1558 823 1606 est
842 1557 870 1605 et
888 1547 1005 1623 gratius,

64 1647 146 1723 quod
169 1647 200 1703 in
224 1663 339 1704 summa
363 1647 506 1720 paucitate
528 1646 697 1717 amicorum,
719 1648 950 1722 propinquorum
972 1663 1006 1703 ac

64 1744 303 1813 necessariorum,
326 1743 375 1820 qui
398 1761 463 1800 vere
491 1761 575 1800 meae
603 1744 686 1802 saluti
714 1744 849 1814 faverent,
872 1755 900 1802 te
925 1744 1006 1818 cupi-

65 1843 216 1901 dissimum
237 1841 295 1898 mei
320 1840 552 1917 singularemque
575 1840 645 1898 mihi
667 1842 899 1900 benevolentiam
924 1859 1007 1917 prae·

65 1941 170 1999 stitisse
185 1939 316 2014 cognovi.
360 1958 386 1997 a.
408 1937 531 2013 Reliqua
546 1949 612 1996 sunt
631 1939 693 1997 eius
712 1939 801 2010 modi,
817 1941 921 2014 quibus
940 1957 1006 2014 eg0,

65 2039 206 2113 quoniam
225 2037 296 2095 haec
314 2046 394 2094 erant
408 2045 549 2111 tempora,
564 2035 646 2094 facile
662 2046 690 2093 et
704 2054 799 2112 aequo
814 2037 913 2094 animo
928 2055 1007 2094 care-

66 2139 151 2206 bam;
181 2135 237 2192 hoc
267 2151 333 2191 vero
358 2134 420 2191 eius
444 2133 525 2190 modi
549 2151 613 2192 esse
638 2142 741 2204 statu0,
763 2146 795 2192 ut
820 2134 882 2192 sine
907 2134 1007 2192 talium

65 2237 192 2292 virorum
226 2242 254 2292 et
284 2232 443 2290 amicorum
475 2231 675 2290 benevolentia
707 2251 801 2308 neque
829 2233 859 2289 in
888 2232 1009 2290 adversa

66 2353 161 2410 neque
175 2333 206 2389 in
220 2331 348 2389 secunda
366 2329 481 2388 fortuna
494 2330 647 2406 quisquam
666 2331 759 2388 vivere
778 2331 890 2406 possit:
911 2331 1008 2407 itaque

66 2435 96 2490 in
117 2432 174 2488 hoc
196 2448 252 2505 ego
273 2428 342 2485 mihi
363 2427 505 2503 gratulor;
531 2436 563 2485 tu
584 2445 651 2485 vero
673 2436 704 2486 ut
724 2429 874 2504 intellegas
895 2427 1008 2488 homini

66 2529 241 2590 amicissimo
255 2537 283 2586 te
298 2526 430 2585 tribuisse
444 2526 578 2597 officium,
593 2545 623 2584 re
638 2527 687 2584 tibi
702 2528 866 2603 praestabo.
900 2525 984 2588 Vale.

282 2685 329 2740 96.
372 2681 429 2738 ΑΙ)
450 2679 644 2739 ATTICUM
666 2680 734 2738 XII.
758 2700 803 2738 21.

203 2796 267 2858 Sex.
288 2797 429 2855 Asruaxn
448 2813 542 2854 nausa
563 2794 686 2853 qumo
708 2813 790 2855 auc.
808 2809 876 2871 709.

389 2921 492 2963 cicaro
513 2919 619 2961 nrmco
639 2920 698 2959 sar„

112 3038 137 3080 1.
159 3019 234 3079 Lacr
254 3018 333 3077 Bruti
353 3017 505 3092 epistolam
523 3034 646 3093 eamque
665 3016 715 3074 tibi
734 3017 840 3090 remisi,
855 3036 925 3077 sane
946 3035 1008 3079 non

67 3121 225 3197 prudenter
245 3117 413 3190 rescriptam
433 3115 471 3173 ad
491 3132 535 3186 ea,
549 3132 624 3190 quae
645 3116 823 3191 requisieras.
866 3115 924 3175 Sed
945 3118 1008 3193 ipse

67 3219 168 3282 viderit
179 3237 188 3289 3
209 3232 386 3291 quamquam
407 3213 475 3272 illud
496 3214 614 3287 turpiter
635 3212 767 3288 ignorat:
789 3211 933 3272 Catonem
951 3216 1008 3291 pri-

37 3335 40 3340 ·
69 3335 151 3375 mum
172 3314 342 3374 sententiam
363 3322 444 3387 putat
464 3311 500 3370 de
522 3311 769 3370 animadversione
790 3312 905 3384 dixisse,
920 3333 1009 3390 quarn

69 3433 174 3474 omnes
198 3424 265 3472 ante
289 3413 419 3471 dixerant
443 3420 555 3487 praeter
579 3408 743 3482 Caesarem,
766 3421 803 3482 et,
826 3430 893 3471 cum
918 3415 1009 3490 ipsius
