2348 3788
61 219 105 280 sp.
125 203 193 286 104]
272 215 384 267 nprsr.
406 217 640 265 annumerat
660 218 737 266 rur.
761 217 812 287 52.
943 221 1006 288 219

60 366 227 438 Mamurra;
248 385 310 424 non
324 367 452 425 mutavit.
493 365 608 425 Unctus
623 375 675 438 est,
691 367 832 424 accubuit.
875 364 1008 437 Ἐμετικὴν

60 466 183 541 agebat3
205 466 302 540 itaque
321 474 349 522 et
369 465 430 522 edit
449 457 478 522 et
498 465 571 523 bibit
592 467 671 522 ἀδεῶς
690 474 719 522 et
739 465 872 535 iucunde,
887 465 1007 541 opipare

61 581 132 621 sane
146 573 175 620 et
188 571 335 638 apparate,
350 581 405 621 nec
419 563 449 621 id
464 565 568 635 solum,
585 563 637 621 sed
697 591 699 594 >

662 687 721 734 bene
737 695 812 743 cocto,

225 766 326 822 condito,
343 781 448 814 sermone
464 766 528 813 bono
545 776 577 823 et,
594 767 613 815 si
631 768 723 829 quaeri',
740 768 843 816 libenter.

64 893 90 936 a.
115 873 267 932 Praeterea
291 874 382 932 tribus
407 874 534 933 tricliniis
559 876 672 951 accepti
696 879 720 931 οἱ
743 879 801 949 περὶ
825 878 902 931 αὐτὸν
924 875 1007 935 valde

62 973 180 1049 copiose
189 989 197 1042 ;
220 971 326 1029 libertis
340 972 435 1030 minus
450 971 533 1029 lautis
555 973 701 1048 servisque
720 973 791 1030 nihil
808 973 915 1031 defuit:
936 957 1008 1031 nam

61 1071 197 1128 lautiores
221 1069 365 1145 eleganter
390 1071 510 1145 accepti,
554 1069 634 1141 Quid
659 1071 769 1128 multa?
797 1070 931 1129 homines
955 1072 1008 1129 visi

62 1186 172 1226 sumus.
214 1167 334 1242 Hospes
354 1177 451 1225 tamen
472 1185 534 1225 non
559 1168 593 1237 is,
614 1169 660 1226 cui
682 1169 808 1227 diceres:
825 1170 949 1227 ‘amabo
969 1181 1007 1241 te,

62 1267 169 1324 eodem
184 1265 221 1322 ad
234 1283 290 1334 me,
302 1282 369 1323 cum
384 1263 541 1322 revertere?
579 1264 676 1323 Semel
691 1267 760 1324 satis
774 1275 826 1325 est.
868 1270 1009 1323 Σπουδαῖον

63 1367 137 1419 οὐδὲν
156 1364 186 1420 in
207 1381 349 1432 sermone,
365 1366 496 1435 φιλόλογα
517 1362 616 1421 multa.
660 1362 739 1434 Quid
759 1364 893 1439 quaeris?
914 1363 1008 1422 delec-

63 1473 139 1520 tatus
158 1472 202 1520 est
220 1472 249 1518 et
267 1461 387 1518 libenter
405 1459 466 1517 fuit.
508 1458 635 1518 Puteolis
656 1480 687 1519 se
709 1462 803 1519 aiebat
821 1480 912 1520 unum
930 1462 1008 1520 diem

63 1561 134 1630 fore,
144 1561 265 1618 alterum
280 1559 317 1616 ad
331 1556 425 1616 Baias.
461 1557 565 1616 Habes
580 1556 740 1635 hospitium
755 1560 812 1618 sive
826 1561 1008 1632 ἐπισταθμείαν

63 1659 198 1716 odiosam
222 1657 301 1728 mihi,
324 1657 392 1727 dixi,
413 1673 474 1714 non
495 1656 656 1715 molestam.
698 1656 764 1732 Ego
785 1658 930 1734 paulisper
951 1658 1007 1730 hie,

64 1756 169 1816 deinde
189 1756 220 1812 in
237 1754 445 1813 Tusculanum.
487 1752 657 1813 Dolabellae
678 1755 773 1812 villam
787 1773 862 1833 lcum
882 1765 1008 1830 praeter·

63 1856 125 1923 iret,
136 1853 233 1911 omnis
247 1862 423 1909 armatorum
438 1853 524 1926 copia
538 1851 638 1910 dextra
653 1853 765 1910 sinistra
779 1853 817 1910 ad
832 1871 939 1930 equum
953 1870 1008 1910 nec

64 1969 188 2029 usquam
203 1949 278 2009 alibi.
321 1949 389 2008 Hoc
404 1967 440 2007 ex
454 1948 546 2006 Nicia
