2356 3810
112 237 155 296 ap.
175 219 243 302 ua]
300 231 412 283 aaran
435 231 485 278 An
507 231 729 278 FAMILIARES
750 229 814 278 κη.
839 236 867 282 2.
992 234 1051 296 241

297 434 363 489 118.
405 431 461 488 ΑΙ)
482 429 731 488 FAMILIARES
753 428 822 486 XII.
847 447 872 486 2.

156 545 221 605 Scn.
246 545 354 606 Rormu
375 564 509 604 nxrunrn
530 563 623 603 nausa
646 544 811 601 Snrrnrrnnr
833 561 916 602 nuc·
939 555 1005 614 710.
1093 558 1094 562 ’

432 671 534 712 cremo
555 669 649 710 cassio
669 669 730 709 sna.
1057 718 1059 722 Ι

159 784 183 823 1.
206 765 412 826 Vnrrnnnnrnn
430 768 520 824 laetor
539 767 591 823 tibi
611 766 726 841 probari
748 763 921 822 sententiam
942 772 970 820 et
991 780 1056 820 ora·

114 864 225 920 tionem
252 883 364 934 meam3
395 883 453 939 qua
481 864 505 920 si
533 864 648 936 saepius
677 861 718 918 uti
746 861 851 930 liceret,
880 860 950 917 nihil
978 870 1054 917 esset
1148 848 1152 853 ⁴

116 962 225 1034 negotii
239 961 398 1018 libertatem
413 969 441 1017 et
455 979 516 1017 rem
530 959 675 1036 publicam
689 959 855 1032 reciperare.
892 957 950 1041 Sed
964 956 1060 1019 homo,

116 1076 217 1115 amens
232 1068 260 1115 et
273 1058 400 1133 perditus
414 1058 563 1132 multoque
578 1057 700 1131 nequior
714 1074 803 1130 quam
816 1055 863 1112 ille
881 1056 952 1130 ipse,
968 1073 1059 1129 quem

116 1167 147 1212 tu
179 1156 388 1230 nequissimum
421 1156 551 1212 occisum
586 1172 650 1212 esse
683 1154 785 1223 dixisti,
815 1153 911 1210 caedis
944 1153 1061 1218 initium·

116 1253 236 1327 quaerit,
251 1252 416 1325 nullamque
432 1252 516 1308 aliam
536 1253 575 1308 ob
595 1269 712 1308 causam
732 1269 780 1307 me.
800 1261 947 1308 auctorem
967 1249 1056 1307 fuisse

116 1350 250 1407 Caesaris
271 1349 460 1406 interficiendi
481 1350 653 1419 criminatur,
675 1349 729 1406 nisi
754 1359 786 1406 ut
809 1349 840 1405 in
861 1366 907 1404 me
929 1349 1060 1409 veterani.

117 1449 288 1506 incitentur:
311 1447 392 1522 quod
416 1465 472 1522 ego
498 1446 657 1521 periculum
682 1465 743 1503 non
767 1448 943 1515 extimesc03
965 1446 1060 1503 modo

116 1547 201 1604 vestri
216 1546 282 1603 facti
296 1546 419 1621 gloriam
434 1564 500 1621 cum
514 1564 580 1602 mea
594 1545 678 1603 laude
693 1546 895 1602 communicet.
938 1543 982 1600 Ita
1003 1562 1061 1608 nec

117 1644 227 1712 Pisoni,
242 1643 291 1717 qui
306 1643 335 1698 in
350 1661 417 1699 cum
432 1643 541 1716 primus
560 1643 689 1700 invectus
710 1652 753 1699 est
772 1643 850 1699 nullo
870 1642 1057 1710 adsentiente,

117 1761 172 1800 nec
188 1741 266 1810 mihi,
276 1740 416 1816 quiidem
431 1741 595 1822 tricensimo
610 1751 677 1816 post
691 1741 737 1796 die
752 1740 815 1810 feci,
827 1759 882 1798 nec
893 1741 924 1797 P.
931 1739 1057 1808 Servili0,

117 1842 168 1916 qui
197 1858 244 1897 me
272 1848 316 1896 est
344 1850 525 1910 consecutus,
549 1847 611 1896 tuto
638 1840 668 1895 in
697 1849 829 1896 senatum
857 1840 952 1896 venire
977 1839 1058 1897 licet:

118 1939 240 1997 caedem
262 1938 340 1994 enim
360 1937 502 2012 gladiator
520 1938 630 2013 quaerit
648 1938 766 2011 eiusque
785 1938 897 1994 initium
917 1955 941 1995 a.
957 1937 984 1994 d.
1000 1955 1059 1994 xnr.

119 2037 186 2095 Kal.
203 2035 322 2094 Octobr.
337 2053 355 2092 a
372 2054 420 2091 me
440 2054 471 2093 se
491 2035 632 2092 facturum
652 2037 767 2110 putavit,
783 2035 819 2092 ad
837 2054 924 2110 quem
943 2044 1059 2110 paratus

118 2144 245 2203 venerat,
261 2151 328 2192 cum
346 2133 454 2190 invilla
469 2132 579 2191 Metelli
594 2133 757 2208 complures
771 2135 832 2191 dies
848 2143 1059 2191 commentatus

118 2242 204 2292 esset.
247 2231 332 2302 Quae
357 2240 453 2288 autem
478 2231 508 2288 in
532 2231 626 2289 lustris
651 2241 680 2288 et
704 2232 734 2287 in
759 2233 826 2288 vino
854 2233 1060 2289 commentatio

119 2333 215 2409 potuit
235 2331 318 2388 esse?
340 2330 436 2404 itaque
461 2329 598 2387 omnibus
622 2339 666 2386 est
689 2329 774 2399 visus,
796 2338 828 2386 ut
855 2330 893 2387 ad
920 2339 1061 2387 te‘antea

120 2429 230 2504 scripsi,
244 2445 361 2484 vomere
382 2445 436 2484 suo
454 2445 544 2496 more,
560 2444 620 2484 non
642 2427 744 2485 dicere.
789 2447 814 2485 2.
838 2427 905 2498 Qua
925 2447 965 2497 re,
981 2428 1061 2504 quod

122 2527 221 2584 scribis
236 2536 264 2583 te
278 2525 423 2582 confidere
439 2525 606 2582 auctoritate
621 2534 649 2582 et
663 2526 827 2600 eloquentia
841 2536 940 2583 nostra
953 2527 1063 2601 aliquid

121 2623 224 2699 profici
239 2630 338 2698 posse,
353 2640 413 2678 non
434 2623 513 2692 nihil,
528 2633 559 2680 ut
573 2623 603 2680 in
617 2625 702 2681 tantis
716 2623 807 2693 malis,
822 2634 865 2682 est
879 2623 1059 2699 profectum:

120 2721 259 2796 intellegit
273 2723 350 2778 enim
365 2721 490 2796 populus
504 2721 656 2779 Romanus
672 2732 727 2780 tres
743 2741 806 2780 esse
821 2723 996 2794 consulares,
1012 2726 1062 2800 qui

120 2822 198 2897 quia,
213 2839 280 2894 quae
294 2819 330 2876 de
344 2838 375 2877 rc
389 2820 505 2896 publica
524 2821 598 2878 bene
618 2822 767 2890 senserint,
782 2821 869 2879 libere
888 2823 976 2880 locuti
996 2825 1061 2893 sint,

120 2930 183 2978 tuto
203 2919 232 2975 in
251 2927 384 2975 senatum
403 2919 499 2976 venire
519 2936 580 2975 non
601 2920 722 2993 possint.
764 2918 827 2978 Nec
849 2928 893 2978 est
913 2932 1062 2995 praeterea

120 3017 201 3093 quod
219 3015 375 3090 quicquam
395 3025 558 3090 exspectes;
579 3026 644 3074 tuus
664 3017 742 3074 enim
761 3019 940 3076 necessarius
961 3018 1065 3076 adfini·
1111 3051 1115 3059 ·

119 3126 179 3173 tate
212 3131 288 3170 nova
320 3113 494 3172 delectatur:
529 3115 625 3188 itaque
658 3115 715 3172 iam
748 3133 808 3174 non
840 3125 884 3174 est
916 3116 1063 3176 studiosus

118 3213 257 3271 ludorum
276 3211 446 3286 infinitoque
466 3211 557 3272 fratris
577 3214 618 3270 tui
638 3214 741 3290 plausu
762 3214 939 3290 dirumpitur.
981 3214 1063 3273 Alter

119 3315 192 3371 item
213 3309 316 3366 adfinis
340 3311 423 3367 novis
448 3313 662 3370 commentariis
687 3311 819 3370 Caesaris
844 3312 984 3371 delenitus
1009 3325 1064 3371 est

121 3409 182 3470 Sed
203 3407 276 3465 haec
297 3407 470 3466 tolerabilia:
492 3409 562 3467 illud
582 3428 642 3467 non
664 3409 823 3478 ferendum,
844 3410 923 3486 quod
945 3420 997 3483 est,
1013 3411 1065 3488 qui

584 3525 605 3567 tt
771 3526 773 3530 ,
