2356 3810
182 230 225 294 94
330 248 332 250 v
454 228 493 276 rr.
520 227 640 275 rurrrr
661 227 849 275 orornorvrs
1006 214 1076 296 [aas
1091 226 1127 273 rr.

183 373 281 432 Cruris
306 375 413 450 repulsi
438 376 547 434 voltum
571 395 632 434 non
654 376 766 434 vidisse.
807 376 848 434 At
872 393 930 450 qua
953 392 1015 451 spe,
1038 392 1129 449 quam

183 483 261 529 certa
283 474 420 547 opinione
442 474 646 532 descenderatl
673 492 762 549 quam
783 473 848 549 ipso
870 472 1015 530 diffidente
1037 471 1129 528 Dola-

182 569 274 626 bellal
303 579 331 626 et
352 569 490 641 hercules,
515 571 569 628 nisi
592 571 682 628 nostri
707 571 818 646 equites
842 570 954 626 acutius
978 569 1126 638 vidissent,

183 684 276 740 paene
308 668 488 725 concedente
522 669 684 726 adversario
718 677 889 743 superasset.
941 686 967 724 2.
989 666 1065 723 Illud
1098 678 1127 724 te

182 780 243 820 non
272 763 392 820 arbitror
415 765 557 835 miratum,
582 764 745 835 Servaeum,
769 764 951 840 designatum
979 764 1127 821 tribunum

182 860 230 935 pl,
249 861 486 931 condemnatum,
504 864 534 919 in
551 863 632 920 cuius
651 863 750 920 locum
767 860 800 920 C.
816 860 904 919 Curio
925 861 1005 936 petit.
1049 861 1128 919 Sane

185 978 272 1036 quarn
300 960 401 1018 incutit
427 960 533 1030 multis,
559 961 607 1035 qui
635 979 702 1018 eum
730 960 951 1036 facilitatemque
979 960 1041 1018 eius
1066 978 1128 1016 non

184 1067 300 1127 norunt,
318 1075 459 1132 magnum
480 1069 607 1130 metum;
630 1058 689 1127 sed,
708 1067 740 1115 ut
760 1075 846 1134 spero
863 1067 892 1116 et
909 1058 976 1115 volo
996 1067 1026 1115 et
1045 1068 1076 1116 ut
1096 1076 1128 1115 se

184 1156 237 1214 fert
262 1158 333 1232 ipse,
352 1158 448 1216 bonos
472 1167 500 1216 et
524 1167 658 1215 senatum
682 1158 785 1229 malet;
811 1168 897 1227 totus,
917 1167 949 1215 ut
973 1177 1052 1215 nunc
1074 1168 1125 1226 est,

183 1257 240 1314 hoc
265 1257 388 1314 scaturit.
432 1255 528 1314 Huius
553 1267 650 1314 autem
675 1257 828 1315 voluntatis
848 1257 961 1314 initium
982 1267 1011 1314 et
1036 1276 1125 1316 causa

183 1364 233 1423 est,
250 1355 330 1428 quod
350 1372 416 1411 eum
435 1372 496 1412 non
515 1355 699 1412 mediocriter
714 1355 830 1425 Caesar,
846 1355 896 1430 qui
916 1355 990 1412 solet
1009 1356 1123 1414 infimo-

182 1470 246 1508 rum
262 1450 414 1507 hominum
433 1450 587 1508 amicitiam
602 1451 656 1508 sibi
671 1450 798 1527 qualibet
812 1452 943 1527 impensa
957 1452 1124 1528 adiungere,

182 1548 264 1606 valde
284 1548 459 1622 contempsit
469 1567 477 1619 ;
503 1566 561 1623 qua
579 1548 608 1604 in
628 1566 659 1605 re
677 1549 747 1606 mihi
767 1549 877 1606 videtur
895 1550 964 1607 illud
982 1569 1125 1626 perquam

183 1655 302 1703 venuste
330 1645 476 1715 cecidisse,
498 1646 578 1722 quod
606 1665 623 1723 a
650 1647 765 1723 reliquis
792 1665 910 1724 quoque
940 1643 1045 1728 [usque
1073 1647 1124 1728 eo]

183 1754 225 1802 est
256 1743 500 1814 animadversum,
529 1752 561 1801 ut
592 1743 688 1814 Curio,
717 1746 765 1819 qui
796 1745 866 1802 nihil
894 1746 1015 1804 consilio
1048 1747 1123 1816 facit,

182 1842 291 1900 ratione
310 1850 339 1898 et
357 1840 466 1899 insidiis
484 1860 554 1899 usus
573 1842 714 1900 videretur
735 1843 764 1900 in
779 1843 918 1901 evitandis
937 1844 970 1901 iis
986 1845 1121 1915 consiliis,

183 1937 295 2015 **qui
324 1957 355 1997 se
381 1940 563 1998 intenderant
591 1941 767 1999 adversarios
790 1941 821 1998 in
844 1941 905 2000 eius
929 1943 1122 2001 tribunatum:

183 2038 298 2096 Laelios
318 2047 346 2095 et
367 2037 512 2095 Antonios
533 2048 561 2095 et
582 2038 611 2096 id
631 2057 724 2112 genus
745 2039 871 2098 valentes
893 2040 966 2098 dico.
1010 2059 1036 2114 3.
1059 2042 1123 2099 Has

183 2154 239 2211 ego
259 2135 310 2192 tibi
330 2135 437 2192 litteras
456 2152 491 2192 eo
510 2136 619 2193 maiore
637 2136 703 2193 misi
722 2136 877 2207 intervallo,
892 2138 972 2212 quod
991 2141 1121 2199 comitio·

182 2252 247 2290 rum
266 2232 416 2290 dilationes
438 2233 654 2308 occupatiorem
675 2251 723 2291 me
744 2234 889 2292 habebant
908 2245 936 2293 et
955 2247 1124 2312 exspectare

183 2332 212 2387 in
227 2331 288 2389 dies
303 2331 411 2386 exitum
425 2332 578 2405 cogebant,
594 2341 625 2388 ut
644 2331 784 2390 conlectis
797 2333 933 2390 omnibus
950 2342 978 2390 te
997 2333 1124 2393 facerem

183 2429 341 2486 certiorem.
383 2427 431 2484 Ad
451 2427 599 2487 Kalendas
623 2427 701 2487 Sext.
715 2448 808 2506 usque
825 2431 996 2506 exspectavi.
1039 2432 1124 2491 Prae-

182 2527 262 2584 toriis
289 2543 388 2582 morae
418 2525 560 2601 quaedam
585 2526 753 2585 inciderunt.
796 2527 866 2585 Mea
893 2547 981 2605 porro
1006 2533 1125 2589 comitia

183 2642 271 2700 quem
285 2632 419 2680 eventum
441 2623 497 2680 sint
514 2623 654 2692 habitura,
669 2625 786 2696 nesci0;
808 2626 979 2700 opinionem
996 2629 1124 2703 quidem,

183 2721 264 2796 qnod
282 2721 320 2778 ad
341 2707 460 2778 Hirrum
482 2721 589 2791 attinet,
605 2722 802 2780 incredibilem
823 2724 958 2782 aedilium
979 2727 1017 2801 pl.
1033 2730 1124 2785 comi-

183 2820 228 2876 tiis
253 2828 338 2876 nacta
367 2828 441 2876 sunt.
483 2817 562 2876 Nam
584 2818 626 2877 M.
649 2820 781 2878 Coelium
801 2820 987 2879 Vinicianum
1015 2827 1125 2883 mentio

183 2916 230 2973 illa
258 2915 344 2985 fatua,
370 2934 458 2990 quam
486 2916 677 2976 deriseramus
705 2918 783 2987 olim,
812 2929 840 2977 et
867 2921 1060 2996 promulgatio
1089 2923 1126 2980 de

183 3014 321 3071 dictatore
344 3013 438 3070 subito
462 3013 565 3071 deiecit
585 3023 614 3072 et
635 3015 778 3072 deiectum
799 3033 908 3092 magno
929 3017 1056 3076 clamore
1081 3020 1124 3076 in-

183 3120 282 3169 secuta
309 3119 370 3181 est;
406 3110 474 3168 inde
507 3110 627 3168 Hirrum
655 3112 750 3170 cuncti
780 3113 839 3170 iam
868 3131 929 3170 non
960 3113 1125 3174 faciendum

183 3208 319 3283 flagitare.
363 3208 455 3283 Spero
477 3217 504 3266 te
527 3209 654 3267 celeriter
674 3219 703 3266 et
724 3210 760 3267 de
781 3211 874 3280 nobis,
894 3212 973 3286 quod
995 3215 1124 3288 sperasti,

183 3316 212 3364 et
231 3305 267 3362 de
286 3305 342 3375 illo,
358 3305 438 3380 quod
455 3306 501 3362 vix
521 3324 635 3382 sperare
655 3324 742 3366 ausus
761 3325 801 3377 es,
817 3308 987 3367 auditurum.
1030 3328 1057 3380 4.
1079 3310 1125 3367 De

182 3421 214 3460 re
238 3401 354 3477 publica
378 3403 436 3462 iarn
461 3404 529 3462 novi
554 3405 709 3481 quicquam
734 3413 900 3480 exspectare
930 3407 1125 3481 desieranms;
