2348 3788
431 223 471 280 m
497 222 616 315 aaran
636 220 825 277 cressonis
979 209 1050 302 [rm
1064 227 1097 278 11.

381 466 428 522 38.
470 464 528 523 AD
548 463 743 524 ATTICUM
764 463 818 522 vt.
841 480 870 523 a.

214 578 280 638 Sca.
302 576 471 636 Lnonrears
492 595 619 637 mnunrn
640 595 734 637 mansa
755 577 841 636 Maro
861 591 944 636 amc.
967 590 1038 652 704.

470 701 573 744 crcnao
593 702 699 744 srrrco
719 703 783 754 sar..

197 817 220 857 r.
244 796 314 858 Cum
324 796 505 875 Philogenes,
520 797 637 856 libertus
645 804 719 869 tuus,
730 796 908 858 Laodiceam
918 797 955 858 ad
964 817 1012 858 me
1021 799 1097 858 salu-

153 898 233 955 tandi
254 914 342 955 causa
360 897 485 955 venisset
504 905 533 954 et
551 910 583 954 se
595 895 691 954 statim
710 894 746 953 ad
766 904 795 954 te
812 898 1014 972 navigaturum
1033 915 1099 956 esse

153 994 269 1063 diceret,
285 992 338 1050 has
358 993 385 1051 ei
406 992 512 1051 litteras
527 991 601 1062 dedi,
617 992 721 1066 quibus
742 991 845 1051 adeas
865 994 1007 1071 rescripsi,
1023 1013 1098 1070 quas

153 1108 324 1166 acceperam
352 1108 370 1148 a
393 1087 475 1147 Bruti
501 1089 668 1161 tabellario;
700 1099 728 1148 et
755 1090 942 1165 respondebo
970 1091 1098 1166 primum

153 1197 317 1263 postremae
331 1194 397 1244 tuae
412 1187 544 1261 paginae,
559 1204 634 1262 quae
647 1183 719 1243 mihi
732 1204 857 1263 magnae
871 1187 1021 1247 molestiae
1036 1187 1098 1258 fuit,

153 1285 234 1360 quod
253 1284 291 1343 ad
311 1293 339 1342 te
361 1284 499 1359 seriptum
520 1294 564 1342 est
585 1303 602 1342 a
622 1284 726 1343 Cincio
747 1284 784 1342 de
806 1280 888 1342 Statii
909 1303 1053 1357 sermone,
1067 1287 1098 1343 in

154 1401 213 1458 quo
228 1382 285 1440 hoc
302 1381 538 1439 molestissimum
552 1367 611 1448 est,
629 1378 752 1441 Statium
772 1381 868 1440 dicere
882 1400 900 1439 a
913 1400 962 1440 me
980 1399 1098 1459 quoque

154 1482 184 1538 id
199 1479 351 1538 consillum
366 1478 490 1554 probari.
531 1477 663 1536 Probarr'
680 1480 799 1538 autem?
820 1480 856 1538 de
872 1480 929 1538 isto
947 1480 1096 1540 hactenus.

153 1576 284 1636 Dixerim
303 1593 351 1633 me
371 1575 416 1632 vel
437 1575 560 1651 plurima
578 1576 671 1634 vincla
692 1586 790 1635 tecum
808 1594 939 1636 summae
959 1579 1099 1637 coniunc-

155 1676 241 1732 tionis
256 1682 366 1748 optare,
381 1673 434 1730 etsi
448 1682 514 1730 sunt
532 1675 638 1732 amoris
654 1675 813 1747 artissima;
836 1684 948 1732 tanturn
962 1676 1052 1748 abest,
1067 1686 1098 1736 nt

155 1791 211 1848 ego
232 1790 268 1830 ex
290 1789 335 1842 eu,
355 1788 414 1846 quo
436 1771 542 1829 astricti
563 1790 672 1842 sumus,
695 1772 784 1830 laxari
805 1771 912 1848 aliquid
932 1773 1026 1833 velim.
1072 1794 1097 1834 2.

154 1871 240 1928 Illum
268 1878 365 1928 autem
385 1867 476 1926 multa
496 1867 533 1926 de
553 1868 613 1927 istis
637 1869 723 1927 rebus
745 1870 873 1946 asperius
901 1869 994 1929 solere
1018 1870 1099 1947 loqui

155 1986 241 2042 saepe
256 1984 321 2024 sum
335 1975 478 2041 expertus,
494 1984 581 2043 saepe
595 1968 681 2025 etiam
696 1966 780 2024 lenivi
794 1967 899 2025 iratum
913 1989 919 2024 z
942 1967 973 2025 id
987 1969 1061 2027 scire
1070 1980 1098 2027 te

156 2066 294 2135 arbitror;
324 2063 355 2120 in
378 2063 433 2122 hac
456 2073 553 2121 autem
577 2064 808 2139 peregrinatione
836 2064 970 2122 militiave
999 2076 1100 2124 nostra

79 2228 86 2243 ,
157 2180 244 2237 saepe
276 2162 429 2218 incensum
462 2161 504 2218 ira
530 2161 598 2232 vidi,
627 2179 714 2236 saepe
742 2161 896 2239 placatum.
953 2161 1037 2234 Quid
1060 2165 1099 2223 ad

158 2259 279 2316 Statium
304 2257 456 2333 scripserit,
480 2258 597 2315 nescio:
628 2258 767 2334 quicquid
794 2267 909 2317 acturus
934 2258 1046 2318 detali
1067 2278 1099 2317 re

156 2357 217 2426 fuit,
227 2354 411 2414 scribendum
425 2364 523 2413 tamen
538 2354 578 2412 ad'
590 2352 721 2412 libertum
737 2372 798 2412 non
812 2355 872 2414 fuit.
914 2355 988 2414 Mihi
1002 2367 1099 2415 autem

156 2454 208 2511 erit
226 2453 372 2536 maximae
394 2468 488 2521 curae,
510 2451 638 2527 nequid
663 2451 713 2509 liat
737 2470 828 2523 secus
854 2471 943 2528 quam
965 2453 1099 2511 volumus

157 2569 303 2628 quamque
318 2534 432 2626 oportet
440 2567 448 2620 ;
470 2567 524 2607 nec
539 2552 607 2607 satis
627 2559 672 2608 est
690 2551 721 2607 in
735 2552 797 2609 eius
811 2551 892 2609 modi
906 2570 936 2609 re
951 2569 983 2609 se
996 2568 1099 2627 quem-

156 2669 213 2726 que
227 2657 380 2724 praestare‚
395 2666 429 2705 ac
444 2649 588 2706 maximae
608 2658 704 2724 partes
726 2648 807 2706 istius
828 2646 914 2707 officii
934 2657 1000 2706 sunt
1016 2650 1099 2724 pueri

157 2746 307 2806 Ciceronis
321 2747 379 2804 sive
394 2746 451 2802 iam
467 2745 658 2803 adulescentis
666 2763 675 2817 ;
696 2746 777 2821 quod
789 2730 909 2820 quidem
923 2746 1003 2804 illurn
1016 2747 1099 2804 soleo

157 2845 272 2904 hortari.
316 2845 361 2901 Ac
379 2843 449 2900 mihi
466 2843 576 2901 videtur
595 2853 717 2900 matrem
737 2843 827 2912 valde,
841 2853 873 2901 ut
891 2844 986 2914 debet,
1001 2862 1099 2904 amare

158 2952 244 3017 teque
272 2941 398 2999 mirifice.
443 2940 502 2999 Sed
527 2951 571 2998 est
592 2958 733 3015 magnum
756 2939 826 2998 illud
849 2940 976 3016 quidem,
999 2960 1099 3000 verum

158 3051 256 3098 tamen
278 3039 425 3114 multiplex
453 3039 535 3113 pueri
557 3038 715 3111 ingenium,
743 3038 773 3093 r'n
801 3055 861 3113 quo
888 3055 945 3113 ego
969 3039 1099 3114 regendo

136 3160 139 3165 ·
157 3138 251 3196 habeo
260 3138 368 3213 negotii
383 3137 460 3195 satis.
493 3154 520 3209 3.
543 3135 691 3206 Quoniam
702 3137 838 3211 respondi
852 3147 1016 3212 postremae
1031 3147 1098 3196 tuae

158 3239 282 3314 paginae
310 3238 404 3312 prima
433 3253 506 3304 mea,
536 3251 614 3291 nunc
642 3233 679 3290 ad
707 3235 831 3308 primam
860 3245 984 3293 revertar
1011 3245 1098 3295 tuam.

159 3334 388 3410 Peloponnesias
413 3335 540 3391 civitates
565 3350 667 3390 omnes
695 3331 853 3390 maritimas
876 3350 950 3402 esse,
972 3333 1099 3392 hominis

158 3450 219 3490 non
243 3449 378 3508 nequam,
401 3431 452 3490 sed
477 3431 564 3489 etiam
585 3440 636 3490 tuo
658 3430 763 3489 iudicio
784 3431 906 3509 probati,
928 3430 1098 3490 Dicaearchi
