2356 3810
118 224 155 272 12
393 217 431 270 M.
456 217 575 266 rurrrr
596 215 782 266 arcanorum
951 200 1056 286 [Parsa

114 376 277 452 placebant,
299 373 434 433 sednon
458 374 603 432 audebam
627 383 712 431 antea
734 373 848 444 dicere;
878 389 956 429 nune
977 388 1057 440 veru,

114 475 193 551 quod
215 483 278 532 ate
303 473 424 549 probata
445 481 520 543 sunt,
539 472 631 530 multo
656 471 726 528 mihi
746 473 898 543 ἀττικώτερα
914 468 1055 527 videntur.

114 572 149 630 In
164 572 241 630 illam
256 572 416 629 orationem
428 570 605 628 Metellinam
620 569 719 627 addidi
733 569 898 643 quaedam:
919 567 992 625 liber
1005 566 1058 624 tibi

113 674 178 728 mitt
179 679 249 740 etur,
270 669 409 745 quoniam
431 679 459 727 te
484 686 566 727 amor
590 668 682 726 nostri
705 667 901 743 philorhetora
925 665 1058 724 reddidit.

115 771 142 827 6
167 768 244 827 Novi
267 769 318 826 tibi
339 767 478 844 quidnam
499 767 644 825 scribam?
665 767 771 867 quid?
775 765 870 823 etiam.
889 836 898 852 .
919 763 1059 822 Messalla

115 867 218 926 consul
242 867 452 925 Autronianam
475 866 596 924 domum
617 865 686 923 emit
707 862 769 922 HS'.
757 825 917 923 ‘dxxxiii
959 861 1059 932 ‘Quid

114 966 144 1024 id
163 965 201 1024 ad
218 963 323 1022 me?’'
316 964 437 1040 mquies.
478 963 616 1035 Tantum,
633 963 713 1039 quod
731 979 766 1020 ea
784 962 933 1036 emptione
953 969 983 1018 et
1002 977 1059 1018 nos

114 1066 189 1121 bene
211 1064 316 1122 emisse
336 1063 452 1121 iudicati
473 1081 573 1121 sumus
596 1071 625 1120 et
646 1061 781 1120 homines
802 1060 966 1134 intellegere
991 1076 1060 1116 coe-

114 1171 229 1238 perunt,
250 1161 335 1219 licere
356 1162 515 1220 amicorum
535 1160 717 1219 facultatibus
737 1159 767 1216 in
788 1157 914 1217 emendo
934 1157 973 1215 ad
994 1156 1058 1232 dig·

114 1261 235 1318 nitatem
249 1260 375 1336 aliquam
388 1259 545 1336 pervenire.
589 1258 710 1316 Teucris
723 1257 770 1315 illa
783 1257 892 1314 lentum
906 1256 1059 1331 negotium

115 1369 169 1428 est,
181 1358 233 1416 sed
247 1367 346 1416 tamen
363 1368 407 1416 est
423 1358 453 1414 in
468 1375 529 1432 spe.
558 1357 607 1416 Tu
620 1357 675 1415 ista
689 1356 809 1414 confice.
837 1354 866 1412 A
876 1354 961 1412 nobis
972 1353 1059 1410 liber·

115 1458 207 1514 iorem
230 1456 381 1531 epistolam
406 1466 550 1530 exspecta.
596 1472 635 1512 vr.
656 1453 723 1512 Kal.
744 1453 830 1512 Febr.
850 1451 894 1511 M.
919 1446 1060 1511 Messalla

115 1554 158 1614 M.
173 1554 279 1613 Pisone
300 1572 377 1613 coss.

360 1715 387 1770 7.
428 1712 485 1771 AD
506 1711 700 1815 AqTICUM
721 1711 745 1773 I.
770 1731 814 1787 14.

324 1820 389 1881 Sca.
413 1821 522 1882 Rounn
542 1842 582 1882 11).
604 1842 666 1882 uns.
687 1842 772 1883 nuc.
788 1827 856 1899 ⁶93·

433 1947 535 1989 crcnno
556 1948 662 1989 Arrrco
683 1947 745 1989 sna.

161 2061 186 2104 r.
207 2044 336 2103 Vunnon
358 2062 396 2103 ne
420 2045 553 2119 putidum
578 2044 614 2102 sit
635 2044 758 2102 scribere
779 2043 817 2101 ad
837 2053 875 2113 te,
896 2059 985 2118 quam
1007 2041 1061 2100 sim

118 2154 283 2219 occupatus,
309 2143 361 2201 sed
388 2125 487 2201 tamen
515 2142 679 2213 distinebar,
705 2152 736 2199 ut
765 2141 832 2200 huic
860 2141 908 2198 vix
935 2141 1062 2198 tantulae

117 2241 256 2317 epistolae
278 2252 394 2319 tempus
415 2223 566 2299 habuerim
588 2251 675 2316 atque
696 2240 726 2298 id
749 2250 879 2317 ereptum
901 2257 917 2297 e
939 2239 1061 2296 summis

118 2339 365 2414 occupationibus.
408 2338 505 2397 Prima
538 2340 636 2397 contio
669 2338 803 2413 Pompeii
830 2337 922 2413 qualis
949 2337 1060 2406 fuisset,

119 2437 220 2514 scripsi
235 2437 273 2495 ad
286 2446 314 2495 te
329 2448 430 2495 antea:
452 2455 513 2494 non
528 2435 654 2495 iucunda
668 2437 788 2508 miseris,
802 2437 896 2494 inanis
909 2436 1060 2512 improbis,

117 2536 209 2594 beatis
224 2553 285 2593 non
299 2545 389 2610 grata,
399 2535 486 2593 bonis
500 2552 561 2592 non
576 2535 685 2610 gravis;
705 2535 802 2611 itaque
816 2534 945 2610 frigebat.
981 2533 1062 2591 Tum

119 2632 233 2691 Pisonis
248 2633 375 2691 consulis
389 2632 515 2708 impulsu
532 2632 692 2690 levissimus
711 2633 843 2691 tribunus
860 2631 898 2708 pl.
913 2631 1013 2690 Fufius
1031 2633 1062 2690 in

120 2731 289 2789 contionem
316 2729 450 2806 producit
478 2729 738 2805 Pompeium—res
766 2732 905 2805 agebatur
928 2730 959 2786 in
983 2730 1062 2789 circo

118 2827 262 2887 Flaminio
290 2839 319 2886 et
345 2837 405 2886 erat
432 2827 463 2885 in
486 2845 523 2886 eo
545 2828 610 2903 ipso
634 2829 700 2886 loco
722 2828 770 2886 illo
795 2828 841 2886 die
867 2828 1063 2886 nundinarum

119 2928 315 3000 antipapae-3
337 2926 475 3002 quaesivit
493 2944 529 2984 ex
544 2944 589 2997 eo,
604 2927 767 3002 placeretne
784 2927 811 2984 ei
824 2926 935 2984 iudices
948 2943 966 2984 a
979 2944 1063 3001 prae-

119 3036 182 3084 tore
207 3024 271 3099 legi,
293 3042 353 3099 quo
374 3024 496 3083 consilio
517 3024 594 3081 idem
615 3035 730 3100 praetor
750 3033 892 3082 uteretur:
914 3024 943 3082 id
964 3034 1063 3082 autem

120 3133 181 3182 erat
196 3122 232 3181 de
246 3121 389 3181 Clodiana
399 3122 538 3197 religione
550 3125 587 3181 ab
599 3133 701 3181 senatu
712 3123 909 3182 constitutum.
940 3141 966 3179 2.
983 3123 1063 3181 Tum

120 3221 278 3297 Pompeius
312 3221 371 3292 μάλ’
406 3221 618 3294 ἀριστοκρατικῶς
656 3220 769 3280 locutus
807 3231 851 3279 est
888 3224 1073 3298 senatusque

121 3320 321 3378 auctoritatem
346 3319 399 3378 sibi
424 3319 560 3378 omnibus
580 3320 610 3376 in
631 3320 717 3379 rebus
737 3319 856 3376 maximi
877 3317 966 3376 videri
987 3337 1064 3378 sem-

122 3436 231 3494 perque
250 3418 341 3477 visam
360 3435 424 3478 esse
444 3417 594 3493 respondit
613 3429 640 3477 et
657 3418 687 3477 id
703 3417 799 3476 multis
813 3418 915 3476 verbis
957 3416 1064 3477 Postea
