2356 3810
91 229 137 292 sp.
153 219 208 304 3⁶]
315 231 426 285 aaran
450 232 687 283 anarrinon
710 236 739 285 ν.
765 239 815 286 21.
982 236 1041 302 105

93 403 192 455 amas;
216 393 248 442 tu
273 369 350 443 enim
375 404 423 444 me
446 385 518 445 haec
543 386 637 445 facere
659 386 782 446 voluisti.
825 389 852 445 8.
873 385 932 444 Iter
955 387 1040 460 igitur

92 485 133 539 ita
157 500 209 559 per
229 483 330 540 Asiam
354 483 418 553 feci,
443 493 474 541 ut
497 484 584 541 etiam
609 484 710 556 sames,
733 503 791 560 qua
815 483 885 541 nihil
909 483 1040 540 miserius
1140 544 1143 550 ,

93 591 147 650 est,
167 589 321 656 quactum
342 590 402 639 erat
421 582 450 638 in
471 581 526 639 hac
545 600 612 639 mea
632 583 846 641 Asia—messis
867 582 944 639 enim
963 580 1042 637 nulla

93 677 234 748 suerat-‚
249 677 320 735 mihi
338 678 468 753 optanda
487 678 589 736 fuerit:
611 697 795 755 quacumque
813 680 866 737 iter
885 679 947 748 seci,
963 677 1042 735 nulla

93 777 129 844 vi,
151 776 231 833 nullo
251 775 366 847 iudicio,
388 775 466 833 nulla
490 776 673 847 contumelia,
695 777 864 835 auctoritate
886 786 914 834 et
939 775 1042 834 cohor·

93 873 203 931 tatione
223 872 339 948 perfeci,
359 882 392 930 ut
412 882 440 930 et
461 871 565 930 Graeci
586 882 615 931 et
642 874 719 931 cives
747 873 883 944 Romani,
905 874 954 949 qui
983 872 997 929 f
1029 905 1042 917 ·

94 982 225 1029 mentum
247 980 488 1046 compresserant,
508 989 648 1045 magnum
669 990 822 1029 numerum
843 972 957 1050 populis
979 971 1042 1046 pol·

94 1069 255 1127 licerentur.
311 1086 339 1143 9.
360 1067 461 1128 Idibus
490 1069 661 1138 Februariis,
689 1087 749 1145 quo
778 1069 824 1127 die
852 1069 905 1128 has
937 1069 1042 1127 litteras

95 1166 172 1235 dedi,
201 1167 297 1224 sorum
328 1167 505 1224 institueram
536 1183 622 1240 agere
653 1165 817 1224 Laodiceae
846 1165 1041 1241 Cibyraticum

95 1275 124 1322 et
152 1265 329 1339 Apamense,
357 1283 394 1323 ex
422 1264 525 1322 Idibus
556 1263 670 1320 Martiis
703 1262 811 1320 ibidem
843 1262 1042 1339 Synnadense,

95 1361 417 1438 Pamphylium-tum
446 1361 568 1419 Phemio
597 1360 748 1435 dispiciam
775 1362 901 1434 κέρας-,
930 1360 1043 1437 Lycao·

96 1461 187 1530 nium,
212 1459 387 1533 Isauricum;
420 1479 457 1518 ex
485 1459 586 1518 Idibus
614 1457 700 1516 Maiis
728 1459 757 1516 in
784 1458 922 1529 Ciliciam,
945 1469 976 1516 ut
1003 1459 1042 1515 ibi

96 1557 197 1614 Iunius
220 1569 415 1629 consumatur,
440 1557 524 1615 velim
552 1555 703 1631 tranquille
727 1574 745 1614 a
769 1556 888 1615 Parthis.
932 1555 1042 1627 Quinc-

96 1655 160 1725 tilis,
177 1656 200 1713 si
222 1657 282 1727 erit,
295 1666 327 1713 ut
341 1657 482 1726 volumus,
496 1656 527 1712 in
547 1655 647 1712 itinere
669 1663 713 1712 est
732 1672 783 1729 per
802 1654 980 1730 provinciam
999 1674 1043 1712 re-

97 1754 251 1812 deuntibus
278 1755 512 1813 consumendus:
543 1754 675 1810 venimus
700 1753 777 1810 enim
807 1755 837 1810 in
865 1754 1042 1828 provinciam

97 1847 300 1931 [Laodiceam]
339 1852 465 1928 Sulpicio
500 1861 529 1910 et
565 1850 706 1909 Marcello
741 1850 916 1921 consulibus,
950 1852 1042 1926 pridie

96 1950 245 2008 Kalendas
269 1949 407 2022 Sextiles;
438 1950 505 2007 inde
528 1967 585 2007 nos
605 1957 720 2024 oportet
742 1948 882 2006 decedere
903 1967 928 2007 a.
951 1950 978 2007 d.
1000 1969 1041 2008 ni.

97 2048 249 2106 Kalendas
271 2048 400 2107 Sextiles.
450 2047 578 2105 Primum
603 2045 780 2104 contendam
804 2063 822 2103 a
850 2045 960 2116 Quinto
988 2045 1043 2103 fra·

96 2160 147 2218 tre,
161 2156 192 2204 ut
210 2165 241 2204 se
261 2146 377 2222 praefici
397 2146 529 2222 patiatur,
544 2145 623 2220 quod
641 2152 671 2201 et
690 2142 738 2200 illo
759 2151 787 2200 et
806 2161 853 2200 me
873 2143 1042 2202 invitissimo

96 2246 161 2316 fiet;
191 2245 243 2303 sed
264 2244 343 2302 aliter
362 2243 484 2301 honeste
505 2242 566 2298 fieri
584 2259 647 2299 non
667 2249 769 2315 potest,
789 2241 956 2316 praesertim
975 2260 1042 2300 cum

95 2345 187 2400 virum
216 2344 368 2418 optimum,
393 2340 589 2416 Pomptinum,
611 2357 649 2396 ne
677 2355 754 2395 nunc
776 2337 893 2413 quidem
920 2339 1043 2398 retinere

95 2442 224 2517 possim:
249 2441 323 2517 rapit
344 2440 493 2499 hominem
514 2432 617 2519 [enim]
638 2436 804 2494 Postumius
827 2435 962 2508 Romam,
984 2437 1042 2495 for-

96 2551 173 2596 tasse
201 2539 287 2597 etiam
316 2539 473 2597 Postumia.
519 2535 622 2594 Habes
650 2534 773 2593 consilia
800 2545 906 2592 nostra
954 2534 1042 2594 Nunc

97 2655 244 2712 cognosce
269 2636 306 2695 de
333 2635 432 2694 Bruto.
478 2653 522 2693 10.
543 2633 710 2691 Familiares
734 2632 822 2690 habet
846 2633 951 2691 Brutus
976 2644 1043 2692 tuus

97 2736 241 2810 quosdam
257 2734 411 2793 creditores
426 2733 648 2791 Salaminiorum
662 2749 698 2788 ex
714 2729 820 2806 Cypro,
835 2728 878 2788 M.
895 2730 1043 2807 Scaptium
1101 2793 1102 2796 Ἴ

97 2844 125 2890 et
144 2832 176 2890 P.
192 2831 356 2904 Matinium,
371 2849 446 2908 quos
465 2829 535 2887 mihi
553 2829 695 2886 maiorem
710 2829 740 2885 in
754 2829 876 2886 modum
891 2846 1043 2887 commen·

98 2931 182 2988 davit.
225 2929 379 2987 Matinium
400 2947 462 2986 non
486 2928 571 2999 novi,
601 2926 733 3001 Scaptius
758 2926 795 2984 ad
820 2945 868 2985 me
894 2928 923 2984 in
950 2936 1043 2986 castra

96 3029 190 3085 venit:
220 3027 362 3103 pollicitus
387 3044 452 3084 sum
477 3033 641 3084 curaturum
665 3042 713 3081 me
738 3021 818 3082 Bruti
843 3042 938 3094 causa,
961 3035 992 3082 ut
1016 3025 1043 3082 ei

99 3127 246 3184 Salaminii
270 3127 424 3201 pecuniam
446 3124 588 3183 solverent
595 3141 603 3194 ;
636 3122 696 3196 egit
718 3123 832 3196 gratias.
878 3121 1043 3180 Praefectu-

97 3243 160 3282 ram
184 3224 297 3300 petivit:
328 3223 432 3298 negavi
455 3241 504 3280 me
525 3222 661 3297 cuiquam
682 3220 842 3295 negotianti
864 3220 940 3290 dare,
962 3220 1043 3296 quod

97 3324 175 3380 idem
197 3322 247 3379 tibi
272 3321 464 3379 ostenderam.
507 3318 561 3376 Cn.
584 3317 726 3393 Pompeio
751 3319 860 3394 petenti
888 3318 1042 3392 probaram

98 3422 255 3480 institutum
275 3437 382 3490 meum,
397 3418 466 3496 quid
485 3417 599 3476 dicam?
641 3415 793 3493 Torquato
815 3416 851 3474 de
872 3413 915 3474 M.
930 3414 1041 3474 Laenio
