2348 3788
117 211 178 293 278
387 222 425 271 M.
451 221 571 270 rurrrr
592 220 779 269 elcERONJS
943 204 1012 289 [pars
1027 220 1057 267 v.

116 382 171 440 nisi
198 380 361 456 spoliatum,
386 378 534 450 inermem,
559 377 718 454 fugientem
746 375 875 454 Lepidus
901 376 1060 450 recepisset

116 480 292 547 Antonium3
315 478 410 552 itaque
424 494 586 551 numquam
599 485 680 533 tanto
699 474 769 532 odio
791 473 896 531 civitati
911 473 1060 531 Antonius

117 576 177 644 fuit,
192 585 301 652 quanto
321 585 364 632 est
378 572 522 650 Lepidus:
544 573 590 630 ille
607 573 685 630 enim
704 589 741 629 ex
760 569 924 628 tiubulenta
940 588 971 628 re
987 573 1061 645 pub-

117 673 178 741 lica,
207 673 254 732 hic
281 691 317 730 ex
346 690 418 747 pace
447 681 476 730 et
503 670 621 729 victoria
652 667 761 726 bellum
794 667 936 726 excitavit.
980 667 1061 726 Huic

117 771 267 845 oppositos
296 769 430 827 consules
458 768 624 844 designatos
648 754 797 836 babemus,
822 765 853 822 in
881 765 989 840 quibus
1018 774 1062 822 est

117 885 224 941 magna
237 866 284 923 illa
299 867 417 941 quidem
432 884 507 942 spes,
522 865 575 924 sed
589 882 697 940 anceps
718 882 786 921 cura
800 873 919 938 propter
932 863 1061 920 incertos

117 966 210 1022 exitus
232 964 416 1038 proeliorum.
459 982 485 1035 4.
511 961 656 1021 Persuade
680 962 731 1019 tibi
753 961 847 1036 igitur,
870 960 900 1017 in
925 969 954 1018 te
980 960 1061 1018 etin

117 1061 206 1119 Bruto
231 1072 281 1118 tuo
307 1079 371 1119 esse
393 1061 501 1131 omnia,
523 1079 576 1119 vos
600 1060 769 1135 exspectari,
794 1058 916 1115 Brutum
941 1057 1061 1132 quidem

118 1160 175 1215 iam
196 1159 318 1234 iamque.
363 1158 453 1230 Quod
473 1159 505 1230 si,
526 1168 558 1216 ut
578 1174 672 1233 spem,
693 1155 775 1214 victis
797 1155 930 1213 hostibus
955 1154 1061 1212 nostris

118 1256 258 1325 veneritis
274 1267 372 1314 tamen
390 1257 557 1315 auctoritate
570 1264 664 1313 vestra
682 1253 857 1329 respublica
875 1262 1015 1326 exsurget
1034 1261 1062 1309 et

118 1354 149 1409 in
170 1353 267 1429 aliquo
289 1364 364 1412 statu
383 1354 523 1412 tolerabili
544 1354 697 1422 consistet;
723 1360 790 1409 sunt
810 1349 888 1408 enim
909 1350 1061 1425 permulta,

118 1451 224 1528 quibus
249 1452 301 1509 erit
324 1452 510 1520 medendum,
533 1451 619 1508 etiam
643 1449 668 1506 si
692 1466 738 1506 res
762 1446 878 1524 publica
902 1447 973 1506 satis
998 1465 1064 1506 esse

120 1549 259 1606 videbitur
274 1549 428 1624 sceleribus
443 1549 571 1607 hostium
585 1548 711 1606 liberata.
752 1546 834 1605 Vale.

310 1699 375 1754 148.
418 1695 476 1753 AD
498 1695 749 1754 FAMILIARES
770 1694 807 1753 X.
824 1712 870 1767 24.

230 1808 295 1870 Scn.
309 1831 340 1870 ru
360 1829 474 1871 cnsrms
494 1830 521 1869 v.
536 1810 613 1870 Kar.
630 1811 771 1869 Suxmus
785 1828 865 1870 auc
883 1822 954 1883 711.

282 1935 407 1976 eunucus
428 1935 487 1975 rur.
501 1934 560 1976 cos.
574 1933 664 1974 nnsrc.
679 1933 701 1974 s.
716 1934 745 1974 o.
760 1932 902 1974 crcsnour.

166 2050 190 2088 1.
212 2029 329 2090 Facunu
348 2049 408 2088 non
426 2049 555 2106 possum,
570 2031 640 2106 quin
659 2029 688 2086 in
703 2030 830 2104 singulas
844 2047 889 2087 res
903 2029 1065 2106 meritaque

123 2138 172 2185 tua
187 2128 236 2185 tibi
250 2128 357 2203 gratias
371 2145 465 2202 agam,
481 2128 532 2186 sed
551 2128 729 2185 mehercules
748 2127 824 2185 facio
842 2145 911 2185 cum
930 2128 1064 2203 pudore;

123 2244 218 2300 neque
243 2227 319 2283 enim
340 2235 419 2283 tanta
439 2225 630 2295 necessitudo,
652 2234 791 2302 quantam
815 2235 847 2282 tu
870 2224 942 2282 mihi
965 2234 1064 2286 tecum

123 2341 186 2380 esse
202 2323 322 2392 voluisti,
335 2322 497 2380 desiderare
512 2323 622 2381 videtur
635 2323 790 2398 gratiarum
804 2322 957 2394 actionem,
967 2341 1064 2400 neque

122 2438 179 2494 ego
199 2419 318 2478 libenter
334 2438 388 2495 pro
406 2420 540 2478 maximis
559 2421 614 2478 tuis
634 2420 781 2478 beneficiis
800 2431 859 2477 tam
877 2419 924 2476 vili
943 2438 1065 2478 munere

123 2517 268 2592 defungor
288 2518 435 2588 orationis
454 2527 483 2574 et
503 2517 581 2576 malo
601 2535 739 2593 praesens
760 2516 950 2587 observantia,
970 2517 1065 2576 indul-

123 2615 229 2691 gentia,
249 2614 419 2672 adsiduitate
439 2633 600 2672 memorem
618 2633 667 2672 me
685 2616 735 2673 tibi
754 2615 886 2691 probare.
929 2614 1021 2686 Quod
1041 2617 1065 2676 si

124 2711 194 2769 mihi
211 2712 267 2768 vita
288 2713 449 2786 contigerit,
468 2729 572 2770 ornnes
593 2723 688 2787 gratas
711 2713 848 2770 amicitias
868 2723 955 2788 atque
976 2715 1065 2773 etiarn

124 2813 187 2886 pias
209 2810 436 2884 propinquitates
450 2811 471 2880 †
485 2809 515 2867 in
536 2820 585 2868 tua
605 2810 794 2880 observantia,
809 2809 997 2885 indulgentia,
1013 2813 1065 2872 ad·

126 2909 256 2967 siduitate
277 2906 408 2978 vincam;
437 2925 519 2964 amor
542 2908 620 2964 enim
645 2916 710 2966 tuus
735 2926 770 2965 ac
793 2907 930 2964 iudicium
955 2907 992 2966 de
1017 2929 1065 2970 me

126 3021 221 3067 utrum
245 3004 315 3061 mihi
339 3004 404 3078 plus
429 3005 574 3079 dignitatis
599 3005 628 3062 in
652 3015 824 3080 perpetuum
848 3023 886 3062 an
909 3005 1066 3082 voluptatis

128 3103 254 3182 quotidie
270 3103 305 3159 sit
319 3101 472 3170 adlaturus
488 3120 549 3159 non
564 3101 645 3159 facile
660 3101 789 3160 dixerim.
834 3121 859 3160 a.
880 3101 926 3160 De
941 3105 1066 3166 militum

127 3200 289 3263 commodis
304 3199 354 3256 luit
373 3199 423 3256 tibi
443 3217 544 3271 curae;
567 3218 641 3275 quos
659 3218 716 3274 ego
736 3217 796 3256 non
816 3201 962 3276 potentiae
982 3221 1066 3265 meae

128 3297 325 3360 causa-nihil
352 3297 428 3354 enim
456 3315 504 3353 me
532 3314 592 3353 non
621 3297 779 3353 salutariter
807 3298 933 3371 cogitare
963 3300 1067 3357 scio-

127 3396 223 3460 0snari
237 3396 313 3454 volui
328 3414 345 3454 a
359 3404 464 3454 senatu⁴
484 3394 536 3452 sed
550 3394 672 3444 mimum
699 3392 776 3436 ‘ruod
799 3393 832 3436 ’Μ
856 3396 973 3454 meritos
993 3397 1065 3455 iudi·
