2348 3788
119 209 182 273 224
387 205 435 256 Μ.
461 205 581 254 curru
601 205 789 255 cressonis
903 208 907 213 ·
948 191 1016 275 [aare
1030 205 1057 251 r.

114 357 165 415 ubi
179 355 269 415 nostri
289 355 458 415 liberatores
472 357 525 415 tuti
543 376 607 415 esse
626 375 688 415 non
708 356 851 433 possunt?
881 357 933 430 qui
944 353 1058 431 quidem

115 473 230 531 semper
244 463 327 512 erunt
342 454 418 525 clari,
435 455 613 513 conscientia
631 473 699 514 vero
719 455 786 512 facti
806 454 850 512 sui
866 454 954 512 etiam
967 453 1059 524 beati3

115 555 168 612 sed
181 571 245 622 nos
261 552 315 609 nisi
330 570 377 609 me
392 552 469 621 fallit,
486 553 651 612 iacebimus.
693 552 795 628 Itaque
810 552 887 609 exire
903 569 985 621 aveo,
997 551 1059 606 ‘ubi

115 669 170 710 nec
183 649 409 725 Pelopidarum‚’-
424 651 525 726 inquit.
568 650 658 708 Haud
673 668 740 709 amo
755 650 799 707 vel
815 649 870 708 hos
884 649 1059 724 designatos

115 749 165 823 qui
179 749 266 806 etiam
282 747 444 806 declamare
459 767 507 806 me
522 754 687 824 co'e'gerunt,
702 758 786 806 utne
801 747 880 823 apud
894 765 986 822 aquas
1001 747 1060 822 qui-

116 847 184 904 dem
199 847 383 922 acquiescere
398 847 503 905 liceret.
547 846 606 905 Sed
616 846 673 906 hoc
682 865 765 906 meae
780 847 886 904 nimiae
900 847 1060 904 facilitatis:

116 963 185 1001 narn
200 945 229 1002 id
244 954 304 1001 erat
318 945 468 1021 quondam
482 945 564 1020 quasi
578 963 718 1016 necesse;
739 963 826 1014 nunc,
837 962 960 1020 quoquo
973 945 1061 1001 modo

116 1061 148 1101 se
167 1060 213 1101 res
234 1041 328 1112 habet,
347 1061 409 1100 non
427 1051 472 1100 est
490 1043 567 1100 item.
611 1062 637 1118 3.
661 1043 841 1118 Quamquam
860 1043 973 1102 dudum
994 1042 1061 1099 nihil

116 1140 219 1210 habeo
235 1140 314 1215 quod
329 1141 367 1198 ad
382 1150 410 1198 te
424 1141 556 1210 scribam,
572 1141 667 1199 scribo
685 1152 791 1212 tamen,
806 1159 867 1198 non
884 1151 917 1198 ut
930 1147 955 1198 te
969 1141 1060 1199 delec-

116 1251 176 1297 tem
190 1239 262 1296 meis
276 1239 383 1308 litteris,
400 1238 452 1296 sed
467 1248 498 1296 ut
513 1238 625 1296 eliciam
646 1249 718 1297 tuas.
760 1238 817 1310 Tu,
832 1240 857 1296 si
875 1240 947 1315 quid
962 1240 1015 1297 erit
1028 1239 1061 1296 de

117 1335 227 1404 ceteris,
249 1335 286 1393 de
311 1335 404 1394 Bruto
425 1337 532 1412 utique,
554 1337 700 1412 quicquid
745 1335 829 1394 Haec
849 1337 1012 1412 conscripsi
1036 1355 1060 1394 x.

121 1433 188 1492 Kal.
212 1436 358 1492 accubans
387 1434 466 1507 apud
493 1433 668 1504 Vestorium,
697 1433 845 1492 hominem
873 1445 1021 1493 remotum
1046 1453 1062 1492 a

121 1532 287 1601 dialecticis
301 1532 331 1588 in
347 1531 531 1589 arithmeticis
546 1533 614 1589 satis
629 1533 824 1600 exercitatum.

258 1691 324 1745 109.
366 1686 431 1744 An
461 1686 704 1747 arricum
733 1688 814 1747 xm.
840 1708 875 1763 13
897 1689 934 1748 a

301 1823 332 1863 M.
354 1822 498 1863 ANTONIUS
518 1823 576 1865 COS.
598 1824 620 1864 S.
642 1825 669 1865 Ι).
692 1826 723 1864 Μ.
745 1826 887 1866 CICERONI.

163 1943 189 1982 1.
211 1921 466 1981 Occrrmmoumus
483 1930 526 1978 est
546 1920 655 1979 factum
676 1924 748 1980 meis
771 1933 799 1980 et
818 1923 912 1980 subita
934 1933 984 1980 tua
997 1940 1061 1998 pro·

121 2023 255 2091 lectione,
275 2037 312 2075 ne
333 2027 429 2076 tecum
451 2036 551 2075 coram
572 2018 608 2076 de
629 2019 684 2077 hac
705 2038 735 2076 re
757 2038 892 2095 agerem;
915 2039 1005 2096 quam
1026 2022 1062 2077 ob

121 2136 239 2178 causam
252 2133 352 2174 vereor
370 2133 407 2172 ne
427 2115 557 2173 absentia
576 2134 643 2173 mea
661 2117 751 2174 levior
770 2119 805 2177 sit
824 2118 902 2193 apud
916 2128 962 2176 te:
985 2115 1063 2194 quod

121 2218 144 2276 si
158 2217 272 2274 bonitas
286 2224 335 2271 tua
349 2212 528 2287 responderit
541 2213 648 2271 iudicio
662 2233 738 2284 me0,
754 2215 833 2291 quod
848 2234 964 2291 semper
977 2216 1063 2274 habui

122 2316 158 2373 de
183 2325 220 2385 te,
245 2312 389 2388 gaudebo,
433 2330 457 2368 a.
481 2311 510 2369 A
534 2310 660 2371 Caesare
681 2314 750 2388 petii
778 2324 809 2371 ut
838 2313 903 2372 Seu.
927 2313 1062 2373 Clodium

100 2394 297 2470 restitueret:
326 2410 484 2484 impetravi.
526 2409 596 2468 Erat
620 2410 690 2468 mihi
712 2412 743 2469 in
769 2412 866 2470 animo
890 2411 977 2470 etiam
1003 2422 1063 2471 tum

121 2511 162 2566 sic
176 2511 217 2566 uti
226 2508 367 2566 beneficio
383 2509 453 2579 eius,
468 2509 531 2566 situ
546 2510 759 2583 concessisses;
781 2526 840 2585 quo
848 2510 944 2585 magis
954 2511 1061 2581 laboro,

121 2618 152 2664 ut
174 2617 224 2665 tua
246 2608 392 2665 voluntate
414 2607 444 2664 id
466 2626 518 2683 per
542 2626 590 2665 me
611 2607 706 2666 facere
727 2627 806 2665 nunc
824 2607 923 2665 liceat:
945 2610 1026 2685 quod
1041 2611 1062 2667 si

121 2704 266 2763 duriorem
289 2716 317 2764 te
341 2707 402 2764 eius
426 2707 548 2764 miserae
570 2714 599 2764 et
621 2705 751 2764 adflictae
775 2705 907 2764 fortunae
931 2709 1062 2782 praebes,

121 2820 182 2860 non
203 2805 387 2863 contendam
420 2823 477 2881 ego
506 2805 642 2863 adversus
670 2814 717 2875 te;
753 2821 930 2880 quamquam
964 2805 1064 2864 videor

122 2901 227 2959 debere
241 2903 314 2960 tueri
334 2904 576 2962 commentarium
592 2901 731 2960 Caesaris.
776 2900 833 2959 Sed
852 2901 1027 2972 mehercule,
1042 2904 1064 2961 si

122 3000 284 3057 humaniter
306 3010 334 3058 et
357 3002 499 3076 sapienter
518 3009 547 3058 et
570 3001 728 3059 amabiliter
749 3000 778 3057 in
798 3019 847 3058 me
868 3000 995 3074 cogitare
1014 3002 1064 3070 vis

123 3096 236 3155 facilem
264 3097 396 3173 profecto
423 3108 451 3156 te
480 3098 630 3174 praebebis
655 3107 683 3154 et
707 3097 786 3156 voles
812 3097 843 3155 P.
866 3096 1012 3168 Clodium,
1036 3099 1065 3156 in

122 3197 233 3272 optima
247 3215 299 3272 spe
320 3215 441 3272 puerum
460 3196 627 3272 repositum,
643 3196 805 3254 existimare
819 3214 879 3253 non
897 3205 925 3252 te
943 3195 1066 3255 insecta·

122 3305 184 3352 tum
213 3313 285 3366 esse,
316 3313 383 3353 curn
409 3295 546 3371 potueris,
575 3295 686 3353 amicos
715 3305 860 3370 paternos.
904 3313 930 3368 3.
953 3293 1064 3367 Patere,

122 3392 255 3464 obsecro,
270 3402 299 3451 te
312 3411 366 3469 pro
381 3411 411 3452 re
425 3392 541 3469 publica
555 3392 641 3451 videri
668 3394 788 3452 cessisse
807 3391 981 3450 simultatem
997 3410 1064 3451 curn
