2356 3810
190 230 212 294 6
276 294 278 298 ,
400 279 402 283 ,
466 243 505 292 rr.
528 241 648 291 rurrrr
668 239 856 291 crcrrrorvrr
1031 225 1132 314 [rarsi.

188 398 371 460 cuiusmodi
393 400 438 470 sit,
459 400 528 460 satis
549 399 714 475 intellegere
736 417 796 457 non
815 413 944 473 possum,
961 397 1013 457 sed
1031 405 1130 469 tamen

188 499 319 575 suspicor
333 499 370 557 ad
384 510 412 558 te
427 517 490 558 esse
505 499 641 569 adlatum,
653 517 710 568 me,
719 497 749 554 in
761 506 863 555 senatu
874 514 941 554 cum
952 497 1129 571 disputarem

187 597 347 672 permultos
375 615 439 656 esse
467 596 516 673 qui
543 615 605 653 rem
632 595 780 672 publicam
808 611 826 651 a
852 611 900 652 me
928 603 1129 653 conservatam

116 704 118 708 “
189 693 325 765 dolerent,
341 693 447 752 dixisse
466 711 485 751 a
500 703 529 751 te
543 692 725 770 propinquos
738 702 812 761 tuos,
828 691 933 766 quibus
947 709 1056 766 negare
1071 710 1130 750 non

187 791 340 868 potuisses,
355 792 524 868 impetrasse
545 801 576 849 ut
590 808 626 848 ea
644 808 719 866 quae
739 789 886 847 statuisses
907 789 958 846 tibi
976 790 1007 846 in
1027 800 1131 848 senatu

188 889 304 948 demea
317 887 402 947 laude
416 906 479 947 esse
494 886 618 946 dicenda
630 888 770 946 reticeres.
808 885 898 957 Quod
912 904 978 944 cum
993 886 1130 956 dicerem,

188 985 257 1044 illud
271 986 397 1057 adiunxi,
412 986 483 1044 mihi
496 993 593 1044 tecum
608 986 647 1043 ita
661 984 843 1061 dispertitum
857 984 984 1042 officium
998 983 1087 1042 luisse
1101 984 1132 1042 in

187 1085 228 1142 rei
241 1084 373 1158 publicae
392 1083 482 1142 salute
501 1083 659 1154 retinenda,
674 1093 706 1141 ut
725 1101 782 1158 ego
801 1081 904 1140 urbem
923 1101 941 1140 a
962 1082 1131 1141 domesticis

187 1181 299 1239 insidiis
319 1190 348 1239 et
368 1181 406 1239 ab
426 1181 563 1239 intestino
585 1181 701 1250 scelere,
719 1190 751 1238 tu
772 1179 884 1238 Italiam
904 1188 933 1237 et
954 1179 992 1237 ab
1013 1181 1132 1238 armatis

187 1278 318 1338 hostibus
333 1288 361 1337 et
375 1279 412 1338 ab
426 1279 540 1338 occulta
554 1278 753 1337 coniuratione
764 1276 942 1347 defenderes,
954 1286 1041 1353 atque
1056 1277 1132 1336 hanc

188 1384 318 1434 nostram
331 1376 402 1434 tanti
421 1383 528 1433 ettam
546 1375 684 1451 praeclari
703 1373 830 1432 muneris
851 1372 1019 1432 societatem
1037 1392 1056 1433 a
1074 1376 1132 1434 tuis

187 1473 358 1550 propinquis
377 1472 586 1543 labefactatam,
601 1472 659 1550 qui,
674 1490 742 1531 curn
761 1480 793 1529 tu
813 1463 831 1529 a
850 1489 898 1529 me
913 1472 999 1529 rebus
1013 1473 1131 1548 amplis-

189 1569 268 1628 simis
289 1580 373 1646 atque
395 1569 692 1629 honorificentissimis
717 1578 835 1628 ornatus
859 1586 946 1640 esses,
968 1569 1133 1629 timuissent

188 1686 321 1743 nequae
340 1667 411 1726 mihi
433 1687 499 1744 pars
519 1669 618 1727 abste
639 1667 793 1726 voluntatis
814 1676 931 1725 mutuae
951 1667 1132 1728 tribueretur.

191 1783 216 1824 a.
246 1763 315 1824 Hoc
336 1766 366 1823 in
388 1784 523 1824 sermone
544 1784 611 1824 cum
632 1785 650 1823 a
671 1783 719 1823 me
743 1773 945 1840 exponeretur,
967 1783 1043 1841 quae
1065 1784 1133 1827 mea

189 1863 368 1938 exspectatio
396 1861 496 1921 suisset
523 1863 661 1922 orationis
688 1873 755 1920 tuae
783 1872 951 1938 quantoque
977 1862 1009 1919 in
1036 1881 1132 1922 errore

188 1969 315 2020 versatus
329 1979 432 2032 essem,
442 1962 503 2020 visa
517 1971 560 2019 est
575 1961 665 2018 oratio
680 1979 741 2018 non
756 1959 919 2030 iniucunda,
934 1969 962 2018 et
976 1944 1132 2018 mediocris

189 2057 308 2133 quidam
331 2067 376 2116 est
398 2057 472 2116 risus
495 2067 675 2127 consecutus,
697 2075 758 2114 non
782 2041 812 2113 in
835 2064 873 2126 te,
899 2055 951 2114 sed
977 2058 1073 2132 magis
1101 2059 1132 2116 in

188 2173 316 2218 errorem
329 2174 428 2213 meum
442 2165 471 2214 et
484 2155 564 2232 quod
583 2173 631 2213 me
650 2156 702 2213 abs
719 2164 748 2212 te
767 2154 882 2230 cupisse
900 2154 1010 2213 laudari
1033 2166 1134 2231 aperte

189 2263 275 2329 atque
289 2253 414 2328 ingenue
429 2253 596 2312 confitebar.
637 2252 701 2310 Iam
715 2251 772 2310 hoc
786 2269 846 2309 non
860 2261 956 2326 potest
973 2252 1003 2308 in
1021 2262 1050 2311 te
1069 2271 1131 2311 non

189 2350 346 2410 honorifice
360 2369 424 2409 esse
443 2351 559 2422 dictum,
574 2369 622 2408 me
639 2351 670 2408 in
689 2350 852 2409 clarissimis
869 2351 942 2408 meis
961 2360 1048 2429 atque
1069 2370 1134 2409 am·

189 2447 323 2523 plissimis
337 2449 423 2506 rebus
437 2457 535 2506 tamen
550 2441 668 2524 aliquod
688 2448 886 2506 testimonium
905 2456 971 2505 tuae
985 2449 1065 2508 vocis
1079 2449 1131 2508 ha-

188 2546 258 2604 bere
269 2544 402 2603 voluisse.
436 2563 462 2618 3.
484 2544 573 2618 Quod
585 2557 681 2603 autern
693 2547 731 2603 ita
743 2545 851 2616 scribis,
865 2551 934 2620 ‘pro
945 2556 1047 2605 mutuo
1059 2548 1133 2606 inter

189 2661 245 2702 nos
266 2641 381 2714 animo,’
402 2642 472 2719 quid
490 2653 521 2701 tu
542 2644 689 2701 existimes
708 2662 773 2702 esse
793 2644 823 2700 in
844 2643 967 2701 amicitia
987 2654 1131 2717 mutuum,

190 2741 307 2813 nescio;
329 2741 464 2818 equidem
480 2740 536 2800 hoc
550 2742 679 2811 arbitror,
693 2759 760 2799 cum
775 2760 827 2816 par
841 2741 972 2799 voluntas
993 2743 1135 2819 accipitur

190 2849 219 2897 et
238 2838 373 2897 redditur.
414 2837 480 2914 Ego
502 2839 526 2896 si
546 2837 603 2896 hoc
628 2838 731 2909 dicam,
752 2857 800 2896 me
824 2848 874 2896 tua
896 2856 984 2897 causa
1007 2852 1132 2915 praeter-

189 2937 303 2994 misisse
330 2936 517 3012 provinciam,
543 2936 593 2994 tibi
621 2936 684 3012 ipse
708 2936 797 2993 levior
820 2937 920 2994 videar
942 2953 1023 3008 esse;
1048 2955 1133 2997 meae
1159 2984 1164 2991 .

190 3034 269 3093 enim
282 3035 408 3092 rationes
423 3034 461 3090 ita
475 3034 599 3091 tulerunt
613 3044 700 3110 atque
714 3035 775 3092 eius
789 3035 847 3092 mei
861 3034 971 3092 consilii
990 3035 1133 3094 maiorem

190 3133 221 3191 in
236 3131 296 3190 dies
311 3130 440 3206 singulos
454 3131 578 3189 fructum
592 3131 827 3206 voluptatemque
845 3132 947 3207 capio:
969 3132 1039 3190 illud
1056 3133 1132 3204 dice,

189 3247 246 3300 me,
257 3239 289 3287 ut
302 3229 427 3305 primum
442 3230 471 3286 in
483 3230 619 3288 contione
630 3230 808 3306 provinciam
820 3231 1013 3306 deposuerim,
1026 3233 1131 3302 statim,

190 3345 278 3404 quem
300 3327 338 3385 ad
360 3327 481 3385 modum
506 3345 571 3385 eam
592 3329 643 3385 tibi
667 3327 817 3398 traderem,
839 3330 968 3404 cogitare
989 3329 1132 3406 coepisse.

191 3423 271 3484 Nihil
285 3423 351 3484 dico
369 3425 405 3484 de
420 3424 567 3484 sortitione
582 3434 692 3484 vestra:
714 3434 827 3485 tantum
846 3434 874 3485 te
894 3426 1033 3504 suspicari
1055 3427 1137 3501 v010,
