2348 3788
185 201 247 282 276
455 204 494 266 ar.
517 205 641 264 'ruurrr
662 176 852 266 oiarsonis
900 208 905 213 ’
982 197 1123 293 firma

183 369 316 437 feceram,
332 366 476 442 interrupi,
490 377 522 426 ut
539 368 664 443 spatium
678 368 716 428 ad
730 369 927 446 colligendum
947 386 979 428 se
992 369 1124 429 homines

183 467 322 523 haberent
346 474 375 522 et
394 474 453 538 'eg'o
477 483 525 523 me
548 465 658 523 interea
674 478 750 524 ¹curn
774 464 886 542 collega
908 467 1124 543 coniungerem,¹

184 579 272 636 quem
294 560 397 631 triduo,
415 578 482 618 cum
497 562 557 620 'has
580 563 687 621 dabam
707 564 823 636 litteras
841 567 1057 640 exspectabam.
1100 586 1125 638 4.

184 658 347 716 Laterensis
368 659 458 716 nostri
480 670 509 717 et
523 659 611 718 fidem
632 660 808 719 etanlmum
824 662 1006 737 singularem
1020 665 1050 721 in
1067 683 1126 723 rem

183 757 329 832 publicam
354 773 470 833 semper
493 756 622 829 fatebor}
652 758 705 816 sad
727 768 805 817 certe
833 759 922 817 nimia
946 760 1009 820 eius
1034 763 1126 821 indul·

183 855 281 930 gentia
305 854 335 910 in
359 851 504 930 Lepidum
529 854 660 913 adhaec
684 855 812 932 pericula
836 858 1040 933 perspicienda
1063 860 1127 919 lecit

96 948 99 952 ’
183 969 251 1010 eum
272 952 377 1010 minus¹
390 963 532 1028 sagacem.
575 952 634 1024 Qui
655 955 772 1030 quidem
796 973 863 1012 cum
881 956 917 1013 -in
941 955 1076 1015 fraudem
1096 977 1126 1017 se

184 1048 341 1107 deductum
353 1049 469 1121 videret,
484 1062 595 1120 manus,
610 1069 683 1127 quas
696 1051 797 1110 iustius
811 1053 841 1109 in
851 1051 956 1129 Lepidi
971 1056 1127 1131 perniciem

183 1157 330 1217 armasset,
346 1148 400 1206 sibi
413 1147 523 1206 adferre
538 1160 659 1208 conatus
669 1158 736 1222 -est;
758 1149 788 1206 in
803 1168 863 1226 quo
876 1164 952 1209 ‘casu
967 1161 1069 1212 tamen
1087 1155 1126 1212 in·

184 1245 348 1321 terpcllatus
369 1255 398 1304 et
410 1246 512 1306 adhuc
528 1247 595 1304 vivit
613 1256 641 1306 et
660 1246 762 1305 dicitur
775 1247 908 1307 victurus.
951 1248 1012 1308 Sed
1031 1261 1126 1311 tamen

185 1341 221 1400 de
236 1342 292 1401 hoc
307 1354 408 1419 parum
422 1343 492 1402 mihi
512 1353 621 1403 certum
639 1353 691 1402 est
735 1357 762 1418 5.
783 1343 849 1421 Ego
863 1357 973 1422 magno
989 1367 1058 1407 cum
1078 1350 1126 1408 do·

184 1441 244 1498 lore
259 1441 464 1516 parricidarum
478 1441 592 1518 elapsus
607 1459 671 1498 sum
685 1441 738 1513 iis;
759 1443 914 1502 veniebant
928 1446 1007 1503 enim
1024 1447 1127 1506 eodem

83 1567 86 1572 ·
184 1537 279 1596 furore
303 1539 332 1595 in
356 1557 412 1609 me,
425 1556 493 1613 ·quo
517 1539 548 1596 in
571 1540 701 1614 patriam,
726 1539 842 1599 incitati.
880 1540 1056 1602 *Iracundia's
1080 1563 1126 1602 au·

184 1646 243 1693 tem
270 1635 372 1693 harum
399 1653 494 1694 rerum
522 1646 652 1694 recentes
680 1637 843 1696 habebant:
874 1639 955 1715 quod
983 1640 1128 1717 Lepidum

184 1734 323 1808 castigare
347 1751 409 1792 non
432 1734 605 1804 destiteram,
624 1744 656 1792 ut
677 1736 872 1812 exstingueret
893 1737 1018 1810 bellum;
1049 1741 1127 1816 quod
1144 1769 1170 1823 ¹j,

185 1831 328 1907 colloquia
351 1831 427 1890 facta
454 1833 656 1908 improbabam
667 1851 676 1904 ;
702 1833 782 1908 quod
805 1833 918 1909 legatos
942 1835 1000 1893 fide
1025 1820 1165 1914 Lepidi'v

184 1929 289 1986 missos
305 1929 346 1987 ad
366 1931 463 1987 mein
482 1940 673 2006 conspectum
690 1931 787 1988 venire
804 1942 967 2004 vetueram3
990 1936 1074 2010 quod
1095 1935 1126 1996 C.

185 2025 301 2085 Catium
316 2027 478 2099 Vestinum,
493 2029 640 2087 tribunum
655 2028 727 2099 mil,
742 2029 863 2086 missum
881 2030 920 2086 ab
938 2030 1074 2090 Antonio
1092 2034 1128 2091 ad

184 2142 252 2182 cum
266 2143 334 2183 cum
350 2125 448 2184 litteris
468 2144 659 2202 exceperam:
681 2127 711 2182 in
726 2144 784 2200 quo
800 2125 875 2184 hanc
896 2128 982 2203 capio
996 2129 1127 2207 volupta-

184 2234 252 2294 tem,
268 2224 346 2299 quod
361 2233 445 2293 certe,
460 2241 519 2300 quo
534 2226 627 2300 magis
641 2241 688 2281 me
707 2224 874 2299 petiverunt,
888 2232 969 2283 tanto
987 2228 1127 2286 maiorem

184 2323 218 2379 iis
243 2321 386 2380 frustratio
411 2322 542 2380 dolorem
566 2321 666 2380 attulit.
709 2323 736 2379 6.
760 2319 816 2391 Tu,
841 2321 881 2378 mi
907 2321 1021 2394 Cicero,
1048 2326 1128 2402 quod

184 2419 279 2477 adhuc
298 2418 397 2490 iecisti,
413 2419 491 2477 idem
507 2428 630 2494 praesta,
645 2427 677 2476 ut
691 2417 840 2493 vigilanter
860 2436 1043 2496 nervoseque
1065 2442 1126 2494 nos,

177 2517 233 2591 -qui
248 2526 357 2573 stamus
371 2517 400 2573 in
415 2516 486 2586 acie,
503 2517 652 2574 subornes.
694 2513 922 2574 VeniatCaesar
939 2534 1006 2575 cum
1020 2523 1125 2598 copiis,

184 2632 256 2688 quas
271 2614 365 2672 ¹habet
385 2613 572 2684 firmissimas,
588 2623 645 2684 aut,
661 2613 685 2671 si
704 2614 800 2690 ipsum
820 2613 915 2688 aliqua
935 2632 981 2672 res
997 2617 1125 2694 impedit,

182 2712 325 2770 exercitus
344 2713 470 2770 mittatur
480 2731 488 2783 ;
510 2712 591 2770 cuius
611 2712 701 2788 ipsius
722 2729 863 2786 magnum
884 2712 1045 2787 periculum
1068 2719 1126 2795 agi·

183 2820 243 2867 tur:
261 2809 402 2883 quicquid
416 2808 571 2884 aliquando
586 2808 713 2866 futurum
724 2808 777 2866 tuit
790 2809 820 2866 in
834 2809 933 2866 eastris
948 2812 1125 2885 perditorum

183 2893 283 2967 contra
299 2906 430 2981 patriam,
444 2905 501 2965 huc
520 2924 608 2964 omne
626 2907 684 2963 iarn
704 2907 847 2965 convenit
890 2905 946 2965 Pro
963 2909 1045 2969 urbis
1060 2929 1125 2972 vero

175 3007 274 3064 salute
295 3022 345 3062 cur
363 3022 424 3063 non
445 3005 581 3062 omnibus
599 3004 787 3074 facultatibus,
803 3023 876 3080 quas
896 3005 1049 3081 habemus,
1065 3022 1125 3069 uta-

183 3105 266 3162 mur?
289 3102 377 3175 Quod
396 3103 420 3159 si
433 3120 486 3160 vos
503 3102 566 3160 istic
585 3120 647 3160 non
666 3101 820 3173 defueritis,
835 3101 975 3177 profecto,
990 3109 1074 3182 quod
1089 3109 1125 3167 ad

183 3222 230 3260 me
259 3203 367 3273 attinet,
395 3201 530 3259 omnibus
558 3201 643 3258 rebus
678 3200 794 3257 abunde
821 3200 862 3258 rei
890 3201 1023 3275 publicae
1058 3209 1123 3267 satis

176 3301 295 3376 daciam.
339 3313 365 3374 7.
390 3298 436 3357 Te
458 3298 586 3375 quidem,
608 3298 647 3354 mi
671 3297 779 3346 etnam
806 3295 835 3353 'n
860 3297 921 3355 dies
944 3299 1123 3361 mehercules

183 3398 277 3457 habeo
293 3399 430 3458 carioram
447 3396 680 3456 qollicitndirwso·
737 3429 751 3451 ι.
769 3430 771 3433 -
820 3396 948 3458 quotidie
966 3400 1062 3474 magis
1076 3410 1123 3459 tua
