2356 3810
86 239 217 324 nanu]
280 252 392 303 umor.
416 252 466 301 An
487 253 710 302 rammam
731 255 779 302 rr.
806 258 856 320 14.
965 230 1068 324 227'

85 413 143 470 tuis
158 411 298 470 laudibus.
342 411 501 471 Neminem
520 413 826 472 conveni-convenio
844 422 941 470 autem
956 430 1028 489 quo·

85 511 154 568 tidie
169 510 326 585 plurimos3
349 521 415 568 sunt
431 512 654 591 enimpermulti
669 513 771 588 optimi
784 511 843 581 viri,
856 511 906 586 qui
922 511 1028 568 valetu-

84 609 162 666 dinis
181 626 268 666 causa
281 609 312 665 in
326 608 397 666 haec
416 609 482 667 loca
500 610 623 680 veniant,
640 620 788 685 praeterea
808 628 844 667 ex
865 609 1028 683 municipiis

85 705 249 780 frequentes
268 706 423 763 necessarii
437 707 543 776 mei-,
558 707 628 782 quin
646 725 758 778 omneS,
774 727 841 767 cum
860 717 888 766 te
908 707 1029 764 summis

84 803 219 861 laudibus
243 801 281 860 ad
303 803 415 860 eaelum
438 804 608 874 extulerunt,
629 805 700 861 mihi
722 799 861 863 continuo
887 806 1029 864 maximas

86 901 193 976 gratias
217 911 321 975 agant3
349 912 459 976 negant
483 903 561 958 enim
590 920 621 959 se
650 902 779 959 dubitare
805 903 933 979 quin.tu
957 904 1029 961 meis

86 1000 248 1076 praeceptis
270 1009 299 1057 et
320 999 447 1057 consiliis
470 1000 675 1075 obtemperans
701 1001 978 1074 praestantissimum
1001 1011 1030 1058 te

86 1098 180 1154 civem
201 1105 229 1153 et
249 1096 425 1170 singularem
447 1096 595 1154 consulem
616 1097 772 1171 praebeas:
797 1115 824 1154 2.
846 1098 951 1172 quibus
972 1116 1029 1172 ego

87 1213 265 1270 quamquam
281 1194 427 1252 verissime
448 1212 569 1269 possum
590 1194 767 1269 respondere
786 1204 822 1264 te,
838 1213 912 1270 quae
932 1195 1028 1266 faoiaS,

87 1303 139 1350 tuo
153 1292 257 1350 iudicio
272 1301 300 1349 et
314 1301 364 1349 tua
378 1301 482 1366 sponte
493 1291 588 1348 facere
603 1310 658 1349 nee
673 1292 843 1367 cuiusquam
858 1311 943 1368 egere
957 1311 1028 1350 con-

88 1391 160 1460 silio,
180 1401 279 1448 tamen
299 1408 394 1465 neque
415 1389 501 1464 plane
523 1389 677 1460 adsentior,
700 1409 737 1447 ue
758 1391 929 1446 imminuam
950 1400 1030 1448 tuam

88 1488 212 1552 laudem,
228 1488 252 1545 si
266 1488 362 1545 omnis
376 1505 394 1544 a
407 1487 480 1543 meis
498 1487 625 1544 consiliis
639 1487 769 1562 profecta
783 1488 919 1558 videatur,
934 1476 1030 1564 neque

88 1587 170 1644 valde
198 1603 380 1662 nego-sum
408 1585 485 1642 enim
514 1585 623 1642 avidior
651 1587 738 1643 etiam
767 1605 854 1663 quam
889 1587 957 1644 satis
987 1597 1031 1644 est

88 1684 254 1761 gloriae—3
276 1691 305 1740 et
318 1693 417 1739 tamen
433 1689 498 1738 'non
520 1681 645 1738 alienum
657 1693 708 1741 est
723 1683 861 1759 dignitate
878 1694 935 1755 tua,
950 1684 1031 1760 quod
1063 1692 1064 1695 ’
1101 1734 1105 1747 ,

89 1783 145 1858 ipsi
171 1779 395 1856 Agamemnoni,
425 1797 527 1854 regum
555 1780 624 1854 regi,
654 1779 707 1838 fuit
733 1779 896 1851 honestum,
925 1782 1031 1839 habere

90 1881 215 1955 aliquem
249 1877 280 1934 in
308 1876 434 1934 consiliis
469 1877 617 1951 capiendis
650 1877 824 1950 Nestorem;
860 1879 930 1935 mihi
963 1898 1031 1937 vero

89 1978 248 2054 gloriosum
276 1986 304 2032 te
332 1975 464 2032 iuvenem
492 1975 641 2032 consulem
665 1975 768 2033 florere
792 1976 925 2034 laudibus
949 1978 1031 2052 quasi

90 2077 239 2134 alumnum
260 2073 428 2148 disciplinae
449 2091 541 2130 meae.
585 2093 612 2147 3.
634 2073 669 2132 L.
687 2074 805 2150 quidem
826 2074 942 2145 Caesar,
964 2093 1032 2132 cum

90 2174 216 2232 adeum
244 2180 395 2245 aegrotum
416 2170 571 2246 Neapolim
592 2171 744 2242 venissem,
766 2190 944 2248 quamquam
971 2184 1032 2232 erat

90 2288 248 2346 oppressus
263 2270 351 2327 totius
366 2270 496 2344 corporis
509 2268 666 2339 doloribus,
680 2279 776 2326 tamen
790 2279 867 2340 ante,
882 2287 970 2344 quam
984 2289 1032 2330 me

91 2369 177 2444 plane
192 2367 331 2437 salutavit,
353 2366 400 2425 ‘O
420 2368 459 2423 mi
475 2365 597 2437 Cicero}
618 2366 711 2442 inquit
732 2368 875 2444 ‘gratulor
892 2368 949 2439 tibi,
965 2386 1033 2426 cum

92 2476 203 2524 tantum
228 2464 305 2522 vales
333 2463 412 2538 apud
436 2463 626 2534 Dolabellam,
652 2474 792 2539 quantum
822 2465 845 2523 si
872 2483 929 2540 ego
955 2469 1034 2542 apud

92 2564 200 2622 sororis
211 2563 301 2620 filium
312 2561 444 2631 valerem,
459 2561 517 2618 iam
532 2561 679 2619 salvi'esse
694 2578 856 2637 possemus.
898 2562 1034 2622 Dolabel-

92 2661 136 2719 lae
147 2678 216 2718 vero
230 2669 281 2717 tuo
296 2669 324 2717 et
337 2658 465 2734 gratulor
479 2668 507 2716 et
521 2659 628 2734 gratias
641 2677 699 2735 ago
707 2678 715 2730 ;
738 2678 825 2736 quem
836 2660 953 2736 quidem
967 2673 1035 2737 post

92 2768 122 2815 te
150 2757 300 2815 consulem
329 2756 423 2814 solum
450 2776 606 2834 possumus
634 2777 699 2817 vere
735 2760 885 2817 consulem
918 2760 1032 2819 'dicere’

92 2855 208 2913 Deinde
225 2855 315 2913 multa
334 2856 370 2913 de
385 2855 462 2914 facto
480 2875 514 2914 ac
529 2857 564 2915 de
578 2876 608 2914 re
623 2867 704 2931 gesta
712 2876 720 2928 ;
744 2867 805 2914 tum
819 2857 889 2915 nihil
902 2859 1034 2934 magnifi-

93 2954 214 3023 centius,
235 2953 305 3009 nihil
325 2953 497 3029 praeclarius
523 2965 620 3012 actum
641 2972 788 3029 umquam,
811 2954 880 3012 nihil
901 2957 941 3014 rei
961 2957 1035 3031 pub

93 3052 165 3110 lieae
180 3051 336 3109 salutarius.
378 3053 474 3128 Atque
489 3052 561 3111 haec
575 3071 633 3110 una
647 3071 703 3110 vox
718 3055 847 3112 omnium
863 3064 916 3113 est.
959 3076 985 3126 4.
1007 3057 1036 3114 A
1078 3045 1082 3071 ³

94 3160 123 3208 te
151 3160 248 3207 autem
276 3158 353 3224 peto,
380 3160 413 3207 ut
440 3168 487 3207 me
511 3150 586 3208 hanc
613 3151 696 3226 quasi
723 3151 825 3209 falsam
849 3152 1037 3210 hereditatem

95 3246 205 3303 alienae
226 3246 334 3321 gloriae
356 3247 435 3304 sinas
458 3267 575 3305 cernere
600 3266 705 3323 meque
730 3248 826 3324 aliqua
849 3261 985 3325 exparte
1007 3253 1037 3308 in

96 3344 265 3400 societatem
286 3354 400 3402 tuamm
424 3345 541 3402 laudum
562 3347 658 3404 venire
682 3347 798 3422 patiare.
842 3347 1037 3423 Quamquam,

96 3441 137 3498 mi
151 3440 416 3500 Dolabella-haec
435 3443 513 3502 enim
527 3444 638 3504 iocatus
653 3462 768 3518 sum-,
782 3444 915 3504 libentius
935 3464 1038 3507 omnes

542 3556 592 3609 02
