2348 3788
111 215 207 278 Eoos,
220 198 294 281 100.]
322 211 438 259 arran
457 210 507 258 Ab
528 209 750 258 rammam
772 210 819 260 vr.
836 213 864 262 a.
994 213 1057 280 213

112 386 181 426 eum
201 366 340 436 dolorem,
355 384 445 442 quem
463 385 480 424 e
499 364 659 441 republica
678 364 772 440 capi0,
787 363 898 423 domus
911 363 969 422 iam
988 381 1059 422 con-

113 465 200 523 solari
234 474 332 540 potest
365 482 421 521 nec
456 463 649 521 domesticum
683 481 730 521 res
763 463 886 539 publica.
929 481 955 537 3.
988 461 1058 534 Quo

113 564 208 638 magis
236 573 264 620 te
293 571 432 637 exspecto
456 571 543 636 teque
567 561 664 618 videre
687 579 776 636 quam
801 561 927 636 primum
955 561 1058 635 cupio:

113 663 207 719 maior
226 659 296 717 mihi
317 659 421 717 levatio
442 659 546 716 adferri
566 659 645 716 nulla
665 669 762 734 potest
782 677 870 734 quam
891 659 1058 717 coniunctio

114 758 332 818 consuetudinis
347 774 575 832 sermonumque
593 767 776 828 nostrorum;
797 774 976 833 quamquam
993 774 1060 832 spe·
1099 818 1107 834 ‚

114 859 216 916 rabam
236 867 318 914 tuum
339 855 579 913 adventum-sic
601 855 680 912 enim
704 855 1060 930 audiebam-adpropin-

116 973 215 1031 quare.
256 953 322 1027 Ego
337 963 435 1011 autem
449 970 517 1010 cum
530 953 628 1010 multis
644 953 680 1010 de
694 953 789 1011 causis
804 962 832 1010 te
846 963 955 1028 exopto
971 971 1060 1028 quam

115 1055 242 1130 primum
263 1051 369 1121 videre,
391 1061 453 1108 tum
474 1051 569 1120 etiam,
591 1060 623 1108 ut
643 1061 710 1108 ante
735 1060 966 1110 commentemur
986 1053 1061 1109 inter

115 1170 180 1222 nm,
195 1169 253 1226 qua
266 1151 377 1207 ratione
392 1149 479 1207 nobis
493 1148 704 1206 traducendum
721 1149 757 1207 sit
771 1149 827 1206 hoc
841 1159 965 1225 tempus,
980 1150 1061 1226 quod

115 1261 161 1308 est
181 1259 275 1307 totum
297 1248 334 1304 ad
348 1247 433 1304 unius
447 1244 625 1304 uoluntatem
646 1247 930 1305 accommodandum
950 1258 979 1306 et
993 1266 1061 1322 pru-

116 1349 212 1407 dentis
226 1357 255 1405 et
268 1346 391 1403 liberalis
405 1355 441 1415 et,
457 1355 488 1402 ut
502 1344 685 1420 perspexisse
693 1345 800 1416 videor,
815 1363 871 1403 nec
884 1366 903 1404 a
916 1364 964 1403 me
975 1346 1060 1404 alieni

115 1456 146 1504 et
159 1445 211 1502 tibi
225 1443 399 1502 amicissimi.
441 1440 531 1512 Quod
550 1461 618 1501 cum
639 1443 678 1501 ita
697 1443 740 1514 sit,
755 1461 880 1518 magnae
898 1453 996 1501 tamen
1017 1455 1061 1502 est

115 1544 338 1613 deliberationis,
357 1561 432 1619 quae
452 1542 525 1600 ratio
547 1542 583 1601 sit
604 1542 731 1601 ineunda
755 1544 849 1614 nobis,
871 1560 932 1601 non
955 1543 1061 1616 agendi

115 1641 231 1719 aliquid,
247 1643 300 1701 sed
313 1641 387 1700 illius
404 1659 547 1704 concessu
561 1651 590 1700 et
603 1642 745 1701 beneficio
760 1642 935 1719 quiescendi.
978 1639 1061 1701 Vale.

308 1802 374 1856 100.
415 1796 473 1855 AD
493 1796 745 1856 FAMILIARES
767 1798 820 1858 VI.
844 1818 871 1858 2.

259 1911 325 1973 Sca.
346 1914 488 1971 Asanam
509 1932 603 1973 nausa
623 1915 730 1973 Arnum
750 1935 833 1976 nuc.
857 1928 872 1990 7
897 1935 924 1990 9.

344 2036 375 2078 u.
397 2037 499 2079 crestio
520 2038 542 2078 s.
564 2039 593 2079 n.
614 2040 641 2080 a
657 2037 831 2094 ¹ronomro.

159 2151 184 2192 1.
206 2133 287 2194 Paro
309 2151 327 2191 a
347 2143 376 2191 te
397 2152 434 2191 ne
455 2152 503 2192 me
524 2144 609 2209 putes
630 2134 776 2193 oblivione
796 2131 838 2193 tui
861 2136 952 2194 rarius
972 2135 1011 2194 ad
1031 2145 1060 2194 te

115 2232 247 2301 scribere,
262 2249 350 2306 quam
370 2231 509 2302 solebam,
525 2233 577 2290 sed
590 2242 639 2290 aut
657 2233 794 2308 gravitate
808 2233 987 2305 valetudinis,
1002 2252 1061 2309 qua

115 2342 213 2388 tamen
228 2329 286 2386 iam
300 2329 419 2404 paulum
433 2329 531 2388 videor
545 2330 639 2400 levari,
655 2341 704 2388 aut
719 2331 799 2405 quod
816 2331 909 2389 absim
928 2332 965 2389 ab
979 2332 1059 2402 urbe,

115 2438 155 2497 ut,
178 2427 227 2502 qui
250 2425 288 2483 ad
311 2435 340 2483 te
363 2426 591 2501 proficiscantur,
613 2428 685 2485 scire
710 2445 771 2486 non
792 2429 921 2504 possim;
950 2446 1009 2504 qua
1029 2448 1060 2487 re

115 2523 200 2581 velim
214 2525 253 2581 ita
267 2532 405 2580 statutum
420 2523 537 2596 habeas,
551 2543 599 2583 me
614 2526 654 2583 tui
668 2527 840 2584 memoriam
859 2544 926 2584 cum
945 2544 1061 2584 summa

115 2621 318 2679 benevolentia
338 2632 437 2680 tenere
457 2631 580 2698 tuasque
599 2641 703 2682 omnes
720 2642 766 2682 res
787 2641 848 2682 non
867 2625 972 2682 minori
990 2626 1061 2683 mihi

115 2737 201 2776 curae
216 2737 305 2794 quam
319 2737 400 2777 meas
415 2738 488 2778 esse.
533 2741 557 2778 a.
580 2719 671 2791 Quod
685 2722 794 2780 maiore
809 2721 838 2779 in
850 2722 984 2780 varietate
998 2742 1060 2781 ver-

114 2828 179 2878 sata
198 2830 242 2874 est
256 2816 351 2875 adhuc
365 2827 414 2874 tua
433 2836 529 2889 causa,
545 2836 633 2894 quam
647 2818 781 2876 homines
800 2829 849 2876 aut
863 2819 997 2878 volebant
1011 2832 1062 2879 aut

113 2913 319 2988 opinabantur,
344 2914 415 2972 mihi
440 2917 533 2986 crede,
559 2934 621 2974 non
645 2927 689 2975 est
713 2935 767 2992 pro
788 2917 871 2976 malis
895 2927 1060 2995 temporum

115 3011 195 3087 quod
216 3013 338 3070 moleste
360 3013 457 3088 seras3
479 3033 599 3074 necesse
621 3026 665 3074 est
689 3017 768 3074 enirn
789 3026 837 3074 aut
858 3019 945 3075 armis
966 3020 1061 3094 urgeri

114 3127 178 3168 rem
206 3109 352 3184 publicam
381 3112 563 3187 sempiternis
590 3124 640 3171 aut
667 3113 713 3172 his
737 3115 839 3190 positis
866 3116 987 3172 recreari
1012 3117 1063 3175 ali-

115 3208 234 3283 quando
254 3220 303 3265 aut
317 3208 445 3266 funditus
460 3211 583 3270 interire.
626 3210 657 3269 Si
671 3230 752 3270 arma
766 3211 910 3284 valebunt,
925 3231 980 3272 nec
1001 3233 1063 3286 eos,

117 3323 136 3362 a
153 3306 257 3379 quibus
275 3306 428 3380 recipieris,
444 3309 534 3365 vereri
553 3309 643 3368 debes
663 3328 718 3369 nec
739 3327 799 3378 eos,
817 3327 891 3384 quos
913 3311 1063 3385 adiuvisti3

118 3405 145 3468 si
162 3405 249 3464 armis
268 3414 317 3464 aut
338 3405 512 3466 condicione
526 3408 629 3486 positis
650 3419 700 3467 aut
721 3408 926 3486 defatigatione
947 3411 1065 3472 abiectis
