<?xml version="1.0" encoding="UTF-8"?>
<!DOCTYPE html PUBLIC "-//W3C//DTD XHTML 1.0 Transitional//EN"
    "http://www.w3.org/TR/xhtml1/DTD/xhtml1-transitional.dtd">
<html xmlns="http://www.w3.org/1999/xhtml" xml:lang="en" lang="en">
 <head>
  <title>
</title>
<meta http-equiv="Content-Type" content="text/html;charset=utf-8" />
  <meta name='ocr-system' content='tesseract 3.04.00' />
  <meta name='ocr-capabilities' content='ocr_page ocr_carea ocr_par ocr_line ocrx_word'/>
</head>
<body>
  <div class='ocr_page' id='page_1' title='image "./epistolaeselect01cicegoog/epistolaeselect01cicegoog_0263.png"; bbox 0 0 2348 3788; ppageno 0'>
   <div class='ocr_carea' id='block_1_1' title="bbox 85 185 1024 273">
    <p class='ocr_par' dir='ltr' id='par_1_1' title="bbox 85 185 1024 273">
     <span class='ocr_line' id='line_1_1' title="bbox 85 185 1024 273; baseline 0.006 -25"><span class='ocrx_word' id='word_1_1' title='bbox 85 203 130 264; x_wconf 78' lang='lat' dir='ltr'>ap.</span> <span class='ocrx_word' id='word_1_2' title='bbox 148 185 219 269; x_wconf 61' lang='lat' dir='ltr'>na]</span> <span class='ocrx_word' id='word_1_3' title='bbox 291 198 664 248; x_wconf 78' lang='lat' dir='ltr'><strong><em>EPIST.ADATT10UM</em></strong></span> <span class='ocrx_word' id='word_1_4' title='bbox 683 201 757 249; x_wconf 77' lang='lat' dir='ltr'>rvr.</span> <span class='ocrx_word' id='word_1_5' title='bbox 784 206 833 250; x_wconf 90' lang='lat'>11.</span> <span class='ocrx_word' id='word_1_6' title='bbox 964 208 1024 273; x_wconf 83' lang='lat'>247</span> 
     </span>
    </p>
   </div>
   <div class='ocr_carea' id='block_1_2' title="bbox 82 347 1027 1012">
    <p class='ocr_par' dir='ltr' id='par_1_2' title="bbox 82 347 1027 1012">
     <span class='ocr_line' id='line_1_2' title="bbox 85 347 1027 433; baseline 0.003 -25"><span class='ocrx_word' id='word_1_7' title='bbox 85 349 221 408; x_wconf 88' lang='lat' dir='ltr'>Ciceroni</span> <span class='ocrx_word' id='word_1_8' title='bbox 234 347 293 406; x_wconf 90' lang='lat' dir='ltr'>filio</span> <span class='ocrx_word' id='word_1_9' title='bbox 301 368 309 420; x_wconf 90' lang='lat'>;</span> <span class='ocrx_word' id='word_1_10' title='bbox 330 349 424 406; x_wconf 87' lang='lat' dir='ltr'>visum</span> <span class='ocrx_word' id='word_1_11' title='bbox 438 357 482 422; x_wconf 89' lang='lat' dir='ltr'>est</span> <span class='ocrx_word' id='word_1_12' title='bbox 496 366 556 406; x_wconf 91' lang='lat' dir='ltr'>non</span> <span class='ocrx_word' id='word_1_13' title='bbox 571 349 699 407; x_wconf 75' lang='grc' dir='ltr'>ἀνοίκειον.</span> <span class='ocrx_word' id='word_1_14' title='bbox 742 363 767 423; x_wconf 90' lang='lat'>5.</span> <span class='ocrx_word' id='word_1_15' title='bbox 791 350 836 433; x_wconf 86' lang='lat' dir='ltr'>De</span> <span class='ocrx_word' id='word_1_16' title='bbox 851 349 967 426; x_wconf 71' lang='lat' dir='ltr'>Myrtilo</span> <span class='ocrx_word' id='word_1_17' title='bbox 983 355 1027 412; x_wconf 91' lang='lat' dir='ltr'>di-</span> 
     </span>
     <span class='ocr_line' id='line_1_3' title="bbox 83 435 1025 521; baseline 0.006 -17"><span class='ocrx_word' id='word_1_18' title='bbox 83 446 186 505; x_wconf 87' lang='lat' dir='ltr'>lucide.</span> <span class='ocrx_word' id='word_1_19' title='bbox 228 446 256 506; x_wconf 95' lang='lat' dir='ltr'>O</span> <span class='ocrx_word' id='word_1_20' title='bbox 278 446 377 521; x_wconf 89' lang='lat' dir='ltr'>quales</span> <span class='ocrx_word' id='word_1_21' title='bbox 397 457 429 504; x_wconf 90' lang='lat' dir='ltr'>tu</span> <span class='ocrx_word' id='word_1_22' title='bbox 449 465 562 521; x_wconf 86' lang='lat' dir='ltr'><strong>semper</strong></span> <span class='ocrx_word' id='word_1_23' title='bbox 580 446 667 504; x_wconf 90' lang='lat' dir='ltr'>istosl</span> <span class='ocrx_word' id='word_1_24' title='bbox 689 447 766 505; x_wconf 92' lang='lat' dir='ltr'>itane</span> <span class='ocrx_word' id='word_1_25' title='bbox 783 447 813 504; x_wconf 90' lang='lat' dir='ltr'>in</span> <span class='ocrx_word' id='word_1_26' title='bbox 825 435 869 504; x_wconf 89' lang='lat' dir='ltr'>D.</span> <span class='ocrx_word' id='word_1_27' title='bbox 885 448 1025 510; x_wconf 86' lang='lat' dir='ltr'>Brutum?</span> 
     </span>
     <span class='ocr_line' id='line_1_4' title="bbox 83 527 1025 620; baseline 0.002 -16"><span class='ocrx_word' id='word_1_28' title='bbox 83 546 113 604; x_wconf 94' lang='lat' dir='ltr'>di</span> <span class='ocrx_word' id='word_1_29' title='bbox 127 544 206 602; x_wconf 91' lang='lat' dir='ltr'>istis!</span> <span class='ocrx_word' id='word_1_30' title='bbox 248 546 275 601; x_wconf 91' lang='lat'>6.</span> <span class='ocrx_word' id='word_1_31' title='bbox 300 543 366 620; x_wconf 85' lang='lat' dir='ltr'>Ego</span> <span class='ocrx_word' id='word_1_32' title='bbox 381 563 436 615; x_wconf 92' lang='lat' dir='ltr'>me,</span> <span class='ocrx_word' id='word_1_33' title='bbox 451 553 483 601; x_wconf 94' lang='lat' dir='ltr'>ut</span> <span class='ocrx_word' id='word_1_34' title='bbox 497 544 676 619; x_wconf 85' lang='lat' dir='ltr'>scripseram,</span> <span class='ocrx_word' id='word_1_35' title='bbox 691 544 721 600; x_wconf 91' lang='lat' dir='ltr'>in</span> <span class='ocrx_word' id='word_1_36' title='bbox 736 527 948 619; x_wconf 88' lang='lat' dir='ltr'>Pompeianum</span> <span class='ocrx_word' id='word_1_37' title='bbox 964 567 1025 606; x_wconf 90' lang='lat' dir='ltr'>non</span> 
     </span>
     <span class='ocr_line' id='line_1_5' title="bbox 84 641 1026 718; baseline 0.004 -18"><span class='ocrx_word' id='word_1_38' title='bbox 84 642 190 711; x_wconf 89' lang='lat' dir='ltr'>abdidi,</span> <span class='ocrx_word' id='word_1_39' title='bbox 212 641 306 717; x_wconf 91' lang='lat' dir='ltr'>primo</span> <span class='ocrx_word' id='word_1_40' title='bbox 327 643 554 718; x_wconf 87' lang='lat' dir='ltr'>tempestatibus,</span> <span class='ocrx_word' id='word_1_41' title='bbox 576 641 681 716; x_wconf 90' lang='lat' dir='ltr'>quibus</span> <span class='ocrx_word' id='word_1_42' title='bbox 703 641 743 698; x_wconf 91' lang='lat' dir='ltr'>nil</span> <span class='ocrx_word' id='word_1_43' title='bbox 761 643 893 713; x_wconf 85' lang='lat' dir='ltr'>taetrius;</span> <span class='ocrx_word' id='word_1_44' title='bbox 919 643 1026 704; x_wconf 89' lang='lat' dir='ltr'>deinde</span> 
     </span>
     <span class='ocr_line' id='line_1_6' title="bbox 84 739 1024 815; baseline 0.001 -17"><span class='ocrx_word' id='word_1_45' title='bbox 84 741 121 798; x_wconf 91' lang='lat' dir='ltr'>ab</span> <span class='ocrx_word' id='word_1_46' title='bbox 143 739 304 798; x_wconf 91' lang='lat' dir='ltr'>Octaviano</span> <span class='ocrx_word' id='word_1_47' title='bbox 325 740 453 814; x_wconf 86' lang='lat' dir='ltr'>quotidie</span> <span class='ocrx_word' id='word_1_48' title='bbox 474 739 590 809; x_wconf 84' lang='lat' dir='ltr'>litterae,</span> <span class='ocrx_word' id='word_1_49' title='bbox 612 749 644 796; x_wconf 93' lang='lat' dir='ltr'>ut</span> <span class='ocrx_word' id='word_1_50' title='bbox 665 740 816 813; x_wconf 85' lang='lat' dir='ltr'>negotium</span> <span class='ocrx_word' id='word_1_51' title='bbox 838 741 1024 815; x_wconf 83' lang='lat' dir='ltr'>susciperem,</span> 
     </span>
     <span class='ocr_line' id='line_1_7' title="bbox 84 836 1026 913; baseline 0.002 -18"><span class='ocrx_word' id='word_1_52' title='bbox 84 836 217 912; x_wconf 87' lang='lat' dir='ltr'>Capuam</span> <span class='ocrx_word' id='word_1_53' title='bbox 230 837 366 907; x_wconf 90' lang='lat' dir='ltr'>venirem,</span> <span class='ocrx_word' id='word_1_54' title='bbox 378 838 481 895; x_wconf 90' lang='lat' dir='ltr'>iterum</span> <span class='ocrx_word' id='word_1_55' title='bbox 495 855 556 895; x_wconf 91' lang='lat' dir='ltr'>rem</span> <span class='ocrx_word' id='word_1_56' title='bbox 569 838 718 913; x_wconf 86' lang='lat' dir='ltr'>publicam</span> <span class='ocrx_word' id='word_1_57' title='bbox 732 856 884 909; x_wconf 89' lang='lat' dir='ltr'>servarem,</span> <span class='ocrx_word' id='word_1_58' title='bbox 897 838 1026 897; x_wconf 87' lang='lat' dir='ltr'>Romam</span> 
     </span>
     <span class='ocr_line' id='line_1_8' title="bbox 82 936 301 1012; baseline 0 -18"><span class='ocrx_word' id='word_1_59' title='bbox 82 937 181 1012; x_wconf 89' lang='lat' dir='ltr'>utique</span> <span class='ocrx_word' id='word_1_60' title='bbox 195 936 301 994; x_wconf 90' lang='lat' dir='ltr'>statim.</span> 
     </span>
    </p>
   </div>
   <div class='ocr_carea' id='block_1_3' title="bbox 244 1053 830 1119">
    <p class='ocr_par' dir='ltr' id='par_1_3' title="bbox 244 1053 830 1119">
     <span class='ocr_line' id='line_1_9' title="bbox 244 1053 830 1119; baseline 0.009 -17"><span class='ocrx_word' id='word_1_61' title='bbox 244 1053 354 1103; x_wconf 76' lang='grc' dir='ltr'>αἴδεσθεν</span> <span class='ocrx_word' id='word_1_62' title='bbox 365 1055 410 1115; x_wconf 81' lang='grc' dir='ltr'>μὲν</span> <span class='ocrx_word' id='word_1_63' title='bbox 421 1055 558 1117; x_wconf 77' lang='grc' dir='ltr'>ἀνήνασθαι,</span> <span class='ocrx_word' id='word_1_64' title='bbox 570 1058 651 1106; x_wconf 79' lang='grc' dir='ltr'>θεῖσαν</span> <span class='ocrx_word' id='word_1_65' title='bbox 661 1057 683 1104; x_wconf 77' lang='grc' dir='ltr'>δ’</span> <span class='ocrx_word' id='word_1_66' title='bbox 692 1054 830 1119; x_wconf 67' lang='grc' dir='ltr'>ὑποδέχθαι.</span> 
     </span>
    </p>
   </div>
   <div class='ocr_carea' id='block_1_4' title="bbox 54 1165 1024 3180">
    <p class='ocr_par' dir='ltr' id='par_1_4' title="bbox 54 1165 1024 3180">
     <span class='ocr_line' id='line_1_10' title="bbox 81 1165 1024 1243; baseline 0.001 -18"><span class='ocrx_word' id='word_1_67' title='bbox 81 1166 113 1225; x_wconf 92' lang='lat' dir='ltr'>Is</span> <span class='ocrx_word' id='word_1_68' title='bbox 131 1175 229 1224; x_wconf 90' lang='lat' dir='ltr'>tamen</span> <span class='ocrx_word' id='word_1_69' title='bbox 247 1167 306 1241; x_wconf 89' lang='lat' dir='ltr'>egit</span> <span class='ocrx_word' id='word_1_70' title='bbox 325 1184 394 1224; x_wconf 92' lang='lat' dir='ltr'>sane</span> <span class='ocrx_word' id='word_1_71' title='bbox 413 1177 527 1224; x_wconf 91' lang='lat' dir='ltr'>strenue</span> <span class='ocrx_word' id='word_1_72' title='bbox 546 1177 575 1225; x_wconf 92' lang='lat' dir='ltr'>et</span> <span class='ocrx_word' id='word_1_73' title='bbox 591 1168 667 1243; x_wconf 80' lang='lat' dir='ltr'>agit3</span> <span class='ocrx_word' id='word_1_74' title='bbox 691 1165 820 1224; x_wconf 87' lang='lat' dir='ltr'>Romam</span> <span class='ocrx_word' id='word_1_75' title='bbox 839 1166 934 1226; x_wconf 90' lang='lat' dir='ltr'>veniet</span> <span class='ocrx_word' id='word_1_76' title='bbox 955 1185 1024 1226; x_wconf 92' lang='lat' dir='ltr'>cum</span> 
     </span>
     <span class='ocr_line' id='line_1_11' title="bbox 81 1264 1023 1344; baseline 0.002 -23"><span class='ocrx_word' id='word_1_77' title='bbox 81 1282 171 1322; x_wconf 91' lang='lat' dir='ltr'>manu</span> <span class='ocrx_word' id='word_1_78' title='bbox 187 1282 302 1338; x_wconf 86' lang='lat' dir='ltr'>magna,</span> <span class='ocrx_word' id='word_1_79' title='bbox 319 1264 371 1321; x_wconf 92' lang='lat' dir='ltr'>sed</span> <span class='ocrx_word' id='word_1_80' title='bbox 390 1273 433 1321; x_wconf 90' lang='lat' dir='ltr'>est</span> <span class='ocrx_word' id='word_1_81' title='bbox 452 1265 538 1339; x_wconf 88' lang='lat' dir='ltr'>plane</span> <span class='ocrx_word' id='word_1_82' title='bbox 556 1283 644 1340; x_wconf 89' lang='lat' dir='ltr'>puer:</span> <span class='ocrx_word' id='word_1_83' title='bbox 666 1273 747 1344; x_wconf 90' lang='lat' dir='ltr'>putat</span> <span class='ocrx_word' id='word_1_84' title='bbox 765 1273 898 1321; x_wconf 87' lang='lat' dir='ltr'>senatum</span> <span class='ocrx_word' id='word_1_85' title='bbox 918 1266 1023 1322; x_wconf 90' lang='lat' dir='ltr'>statim.</span> 
     </span>
     <span class='ocr_line' id='line_1_12' title="bbox 82 1359 1023 1437; baseline -0.001 -17"><span class='ocrx_word' id='word_1_86' title='bbox 82 1363 158 1434; x_wconf 90' lang='lat' dir='ltr'>Quis</span> <span class='ocrx_word' id='word_1_87' title='bbox 172 1363 287 1419; x_wconf 85' lang='lat' dir='ltr'>veniet?</span> <span class='ocrx_word' id='word_1_88' title='bbox 309 1361 332 1419; x_wconf 93' lang='lat' dir='ltr'>si</span> <span class='ocrx_word' id='word_1_89' title='bbox 346 1362 463 1432; x_wconf 88' lang='lat' dir='ltr'>venerit,</span> <span class='ocrx_word' id='word_1_90' title='bbox 478 1363 542 1437; x_wconf 92' lang='lat' dir='ltr'>quis</span> <span class='ocrx_word' id='word_1_91' title='bbox 555 1363 670 1421; x_wconf 88' lang='lat' dir='ltr'>incertis</span> <span class='ocrx_word' id='word_1_92' title='bbox 684 1363 770 1420; x_wconf 92' lang='lat' dir='ltr'>rebus</span> <span class='ocrx_word' id='word_1_93' title='bbox 787 1359 917 1418; x_wconf 85' lang='lat' dir='ltr'>offendet</span> <span class='ocrx_word' id='word_1_94' title='bbox 931 1362 1023 1419; x_wconf 88' lang='lat' dir='ltr'>Anto-</span> 
     </span>
     <span class='ocr_line' id='line_1_13' title="bbox 81 1458 1022 1536; baseline -0.001 -18"><span class='ocrx_word' id='word_1_95' title='bbox 81 1461 185 1518; x_wconf 86' lang='lat' dir='ltr'>nium?</span> <span class='ocrx_word' id='word_1_96' title='bbox 224 1459 290 1518; x_wconf 92' lang='lat' dir='ltr'>Kal.</span> <span class='ocrx_word' id='word_1_97' title='bbox 313 1459 427 1516; x_wconf 86' lang='lat' dir='ltr'>Ianuar.</span> <span class='ocrx_word' id='word_1_98' title='bbox 448 1461 500 1518; x_wconf 92' lang='lat' dir='ltr'>erit</span> <span class='ocrx_word' id='word_1_99' title='bbox 521 1459 641 1518; x_wconf 90' lang='lat' dir='ltr'>sortasse</span> <span class='ocrx_word' id='word_1_100' title='bbox 661 1458 813 1536; x_wconf 87' lang='lat' dir='ltr'>praesidi0‚</span> <span class='ocrx_word' id='word_1_101' title='bbox 834 1468 882 1514; x_wconf 90' lang='lat' dir='ltr'>aut</span> <span class='ocrx_word' id='word_1_102' title='bbox 904 1460 1022 1534; x_wconf 90' lang='lat' dir='ltr'>quidem</span> 
     </span>
     <span class='ocr_line' id='line_1_14' title="bbox 80 1555 1023 1634; baseline -0.002 -18"><span class='ocrx_word' id='word_1_103' title='bbox 80 1567 148 1616; x_wconf 85' lang='lat' dir='ltr'>ante</span> <span class='ocrx_word' id='word_1_104' title='bbox 173 1556 392 1632; x_wconf 85' lang='lat' dir='ltr'>depugnabitur.</span> <span class='ocrx_word' id='word_1_105' title='bbox 441 1555 536 1615; x_wconf 90' lang='lat' dir='ltr'>Puero</span> <span class='ocrx_word' id='word_1_106' title='bbox 557 1559 714 1634; x_wconf 89' lang='lat' dir='ltr'>municipia</span> <span class='ocrx_word' id='word_1_107' title='bbox 735 1557 807 1614; x_wconf 90' lang='lat' dir='ltr'>mire</span> <span class='ocrx_word' id='word_1_108' title='bbox 828 1556 941 1629; x_wconf 89' lang='lat' dir='ltr'>favent;</span> <span class='ocrx_word' id='word_1_109' title='bbox 970 1557 1023 1615; x_wconf 88' lang='lat' dir='ltr'>iter</span> 
     </span>
     <span class='ocr_line' id='line_1_15' title="bbox 80 1652 1021 1724; baseline -0.001 -10"><span class='ocrx_word' id='word_1_110' title='bbox 80 1656 160 1714; x_wconf 91' lang='lat' dir='ltr'>enim</span> <span class='ocrx_word' id='word_1_111' title='bbox 184 1653 293 1712; x_wconf 86' lang='lat' dir='ltr'>faciens</span> <span class='ocrx_word' id='word_1_112' title='bbox 317 1653 347 1709; x_wconf 93' lang='lat' dir='ltr'>in</span> <span class='ocrx_word' id='word_1_113' title='bbox 376 1652 527 1710; x_wconf 89' lang='lat' dir='ltr'>Samnium</span> <span class='ocrx_word' id='word_1_114' title='bbox 554 1656 631 1712; x_wconf 92' lang='lat' dir='ltr'>venit</span> <span class='ocrx_word' id='word_1_115' title='bbox 660 1655 754 1724; x_wconf 76' lang='lat' dir='ltr'>CaleS,</span> <span class='ocrx_word' id='word_1_116' title='bbox 776 1653 882 1711; x_wconf 90' lang='lat' dir='ltr'>mansit</span> <span class='ocrx_word' id='word_1_117' title='bbox 907 1654 1021 1714; x_wconf 89' lang='lat' dir='ltr'>Teani:</span> 
     </span>
     <span class='ocr_line' id='line_1_16' title="bbox 80 1750 1022 1827; baseline 0 -17"><span class='ocrx_word' id='word_1_118' title='bbox 80 1752 201 1810; x_wconf 87' lang='lat' dir='ltr'>mirifica</span> <span class='ocrx_word' id='word_1_119' title='bbox 214 1751 354 1821; x_wconf 74' lang='grc' dir='ltr'>ἀπάντησις</span> <span class='ocrx_word' id='word_1_120' title='bbox 368 1759 397 1808; x_wconf 91' lang='lat' dir='ltr'>et</span> <span class='ocrx_word' id='word_1_121' title='bbox 411 1750 580 1810; x_wconf 88' lang='lat' dir='ltr'>cohortatio.</span> <span class='ocrx_word' id='word_1_122' title='bbox 624 1751 692 1810; x_wconf 94' lang='lat' dir='ltr'>Hoc</span> <span class='ocrx_word' id='word_1_123' title='bbox 708 1761 739 1809; x_wconf 93' lang='lat' dir='ltr'>tu</span> <span class='ocrx_word' id='word_1_124' title='bbox 753 1753 890 1827; x_wconf 84' lang='lat' dir='ltr'>putares?</span> <span class='ocrx_word' id='word_1_125' title='bbox 912 1752 951 1809; x_wconf 93' lang='lat' dir='ltr'>ob</span> <span class='ocrx_word' id='word_1_126' title='bbox 966 1752 1022 1810; x_wconf 91' lang='lat' dir='ltr'>hoc</span> 
     </span>
     <span class='ocr_line' id='line_1_17' title="bbox 79 1848 1022 1928; baseline -0.004 -17"><span class='ocrx_word' id='word_1_127' title='bbox 79 1869 138 1928; x_wconf 86' lang='lat' dir='ltr'>ego</span> <span class='ocrx_word' id='word_1_128' title='bbox 153 1850 235 1908; x_wconf 93' lang='lat' dir='ltr'>citius</span> <span class='ocrx_word' id='word_1_129' title='bbox 250 1848 387 1918; x_wconf 90' lang='lat' dir='ltr'>Romam,</span> <span class='ocrx_word' id='word_1_130' title='bbox 402 1866 490 1923; x_wconf 92' lang='lat' dir='ltr'>quam</span> <span class='ocrx_word' id='word_1_131' title='bbox 504 1850 718 1907; x_wconf 89' lang='lat' dir='ltr'>constitueram.</span> <span class='ocrx_word' id='word_1_132' title='bbox 763 1849 854 1907; x_wconf 91' lang='lat' dir='ltr'>Simul</span> <span class='ocrx_word' id='word_1_133' title='bbox 869 1859 897 1906; x_wconf 90' lang='lat' dir='ltr'>et</span> <span class='ocrx_word' id='word_1_134' title='bbox 915 1853 1022 1908; x_wconf 90' lang='lat' dir='ltr'>consti·</span> 
     </span>
     <span class='ocr_line' id='line_1_18' title="bbox 54 1931 1022 2020; baseline -0.007 -12"><span class='ocrx_word' id='word_1_135' title='bbox 54 1931 58 1937; x_wconf 36' lang='lat'>¹</span> <span class='ocrx_word' id='word_1_136' title='bbox 79 1939 172 2018; x_wconf 79' lang='lat' dir='ltr'>tuero,</span> <span class='ocrx_word' id='word_1_137' title='bbox 185 1946 317 2005; x_wconf 90' lang='lat' dir='ltr'>scribam.</span> <span class='ocrx_word' id='word_1_138' title='bbox 361 1958 387 2018; x_wconf 81' lang='lat'>7.</span> <span class='ocrx_word' id='word_1_139' title='bbox 409 1945 471 2002; x_wconf 91' lang='lat' dir='ltr'>Etsi</span> <span class='ocrx_word' id='word_1_140' title='bbox 486 1945 617 2003; x_wconf 92' lang='lat' dir='ltr'>nondum</span> <span class='ocrx_word' id='word_1_141' title='bbox 635 1946 833 2020; x_wconf 87' lang='lat' dir='ltr'>stipulationes</span> <span class='ocrx_word' id='word_1_142' title='bbox 853 1945 1022 2020; x_wconf 89' lang='lat' dir='ltr'>legeram—</span> 
     </span>
     <span class='ocr_line' id='line_1_19' title="bbox 79 2041 1022 2119; baseline -0.006 -15"><span class='ocrx_word' id='word_1_143' title='bbox 79 2064 135 2104; x_wconf 94' lang='lat' dir='ltr'>nec</span> <span class='ocrx_word' id='word_1_144' title='bbox 157 2046 234 2103; x_wconf 92' lang='lat' dir='ltr'>enim</span> <span class='ocrx_word' id='word_1_145' title='bbox 254 2042 330 2100; x_wconf 87' lang='lat' dir='ltr'>Eros</span> <span class='ocrx_word' id='word_1_146' title='bbox 351 2051 518 2113; x_wconf 85' lang='lat' dir='ltr'>venerat-,</span> <span class='ocrx_word' id='word_1_147' title='bbox 532 2053 631 2102; x_wconf 90' lang='lat' dir='ltr'>tamen</span> <span class='ocrx_word' id='word_1_148' title='bbox 652 2061 713 2100; x_wconf 92' lang='lat' dir='ltr'>rem</span> <span class='ocrx_word' id='word_1_149' title='bbox 734 2043 825 2119; x_wconf 90' lang='lat' dir='ltr'>pridie</span> <span class='ocrx_word' id='word_1_150' title='bbox 847 2041 917 2099; x_wconf 92' lang='lat' dir='ltr'>Idus</span> <span class='ocrx_word' id='word_1_151' title='bbox 936 2042 1022 2099; x_wconf 88' lang='lat' dir='ltr'>velim</span> 
     </span>
     <span class='ocr_line' id='line_1_20' title="bbox 79 2138 1021 2216; baseline -0.006 -12"><span class='ocrx_word' id='word_1_152' title='bbox 79 2144 226 2204; x_wconf 77' lang='lat' dir='ltr'>conficias·</span> <span class='ocrx_word' id='word_1_153' title='bbox 268 2140 413 2215; x_wconf 88' lang='lat' dir='ltr'>Epistolas</span> <span class='ocrx_word' id='word_1_154' title='bbox 439 2138 581 2211; x_wconf 90' lang='lat' dir='ltr'>Catinam,</span> <span class='ocrx_word' id='word_1_155' title='bbox 603 2140 841 2210; x_wconf 89' lang='lat' dir='ltr'>Tauromenium,</span> <span class='ocrx_word' id='word_1_156' title='bbox 866 2139 1021 2216; x_wconf 87' lang='lat' dir='ltr'>Syracusas</span> 
     </span>
     <span class='ocr_line' id='line_1_21' title="bbox 79 2237 1022 2314; baseline -0.005 -13"><span class='ocrx_word' id='word_1_157' title='bbox 79 2241 263 2303; x_wconf 89' lang='lat' dir='ltr'>commodius</span> <span class='ocrx_word' id='word_1_158' title='bbox 283 2240 394 2295; x_wconf 91' lang='lat' dir='ltr'>mittere</span> <span class='ocrx_word' id='word_1_159' title='bbox 415 2249 526 2314; x_wconf 83' lang='lat' dir='ltr'>potem,</span> <span class='ocrx_word' id='word_1_160' title='bbox 548 2239 572 2296; x_wconf 93' lang='lat' dir='ltr'>si</span> <span class='ocrx_word' id='word_1_161' title='bbox 592 2239 724 2296; x_wconf 89' lang='lat' dir='ltr'>Valerius</span> <span class='ocrx_word' id='word_1_162' title='bbox 750 2240 889 2313; x_wconf 87' lang='lat' dir='ltr'>interpres</span> <span class='ocrx_word' id='word_1_163' title='bbox 913 2237 950 2295; x_wconf 91' lang='lat' dir='ltr'>ad</span> <span class='ocrx_word' id='word_1_164' title='bbox 974 2255 1022 2296; x_wconf 87' lang='lat' dir='ltr'>me</span> 
     </span>
     <span class='ocr_line' id='line_1_22' title="bbox 78 2335 1021 2414; baseline -0.006 -13"><span class='ocrx_word' id='word_1_165' title='bbox 78 2341 200 2402; x_wconf 90' lang='lat' dir='ltr'>nomina</span> <span class='ocrx_word' id='word_1_166' title='bbox 213 2338 405 2414; x_wconf 85' lang='lat' dir='ltr'>gratiosorum</span> <span class='ocrx_word' id='word_1_167' title='bbox 425 2336 584 2411; x_wconf 89' lang='lat' dir='ltr'>scripserit;</span> <span class='ocrx_word' id='word_1_168' title='bbox 608 2337 653 2393; x_wconf 90' lang='lat' dir='ltr'>alii</span> <span class='ocrx_word' id='word_1_169' title='bbox 673 2337 751 2393; x_wconf 88' lang='lat' dir='ltr'>enim</span> <span class='ocrx_word' id='word_1_170' title='bbox 772 2347 839 2394; x_wconf 90' lang='lat' dir='ltr'>sunt</span> <span class='ocrx_word' id='word_1_171' title='bbox 858 2335 936 2406; x_wconf 84' lang='lat' dir='ltr'>alias,</span> <span class='ocrx_word' id='word_1_172' title='bbox 952 2354 1021 2395; x_wconf 93' lang='lat' dir='ltr'>nos-</span> 
     </span>
     <span class='ocr_line' id='line_1_23' title="bbox 78 2433 1021 2515; baseline -0.005 -17"><span class='ocrx_word' id='word_1_173' title='bbox 78 2443 172 2515; x_wconf 91' lang='lat' dir='ltr'>trique</span> <span class='ocrx_word' id='word_1_174' title='bbox 191 2435 342 2493; x_wconf 88' lang='lat' dir='ltr'>familiares</span> <span class='ocrx_word' id='word_1_175' title='bbox 359 2433 417 2491; x_wconf 87' lang='lat' dir='ltr'>fere</span> <span class='ocrx_word' id='word_1_176' title='bbox 437 2433 596 2492; x_wconf 90' lang='lat' dir='ltr'>demortui:</span> <span class='ocrx_word' id='word_1_177' title='bbox 619 2433 734 2509; x_wconf 92' lang='lat' dir='ltr'>publice</span> <span class='ocrx_word' id='word_1_178' title='bbox 755 2443 852 2491; x_wconf 89' lang='lat' dir='ltr'>tamen</span> <span class='ocrx_word' id='word_1_179' title='bbox 873 2433 981 2509; x_wconf 87' lang='lat' dir='ltr'>scripsi,</span> <span class='ocrx_word' id='word_1_180' title='bbox 998 2437 1021 2494; x_wconf 89' lang='lat' dir='ltr'>si</span> 
     </span>
     <span class='ocr_line' id='line_1_24' title="bbox 78 2530 1022 2601; baseline -0.008 -4"><span class='ocrx_word' id='word_1_181' title='bbox 78 2540 120 2597; x_wconf 90' lang='lat' dir='ltr'>uti</span> <span class='ocrx_word' id='word_1_182' title='bbox 138 2535 221 2593; x_wconf 88' lang='lat' dir='ltr'>vellet</span> <span class='ocrx_word' id='word_1_183' title='bbox 242 2533 283 2590; x_wconf 92' lang='lat' dir='ltr'>eis</span> <span class='ocrx_word' id='word_1_184' title='bbox 299 2531 439 2601; x_wconf 89' lang='lat' dir='ltr'>Valerius,</span> <span class='ocrx_word' id='word_1_185' title='bbox 455 2542 503 2589; x_wconf 84' lang='lat' dir='ltr'>aut</span> <span class='ocrx_word' id='word_1_186' title='bbox 523 2532 592 2589; x_wconf 92' lang='lat' dir='ltr'>mihi</span> <span class='ocrx_word' id='word_1_187' title='bbox 612 2533 731 2590; x_wconf 90' lang='lat' dir='ltr'>nomina</span> <span class='ocrx_word' id='word_1_188' title='bbox 750 2532 882 2590; x_wconf 89' lang='lat' dir='ltr'>mitteret.</span> <span class='ocrx_word' id='word_1_189' title='bbox 926 2533 953 2588; x_wconf 83' lang='lat'>8.</span> <span class='ocrx_word' id='word_1_190' title='bbox 975 2530 1022 2589; x_wconf 93' lang='lat' dir='ltr'>De</span> 
     </span>
     <span class='ocr_line' id='line_1_25' title="bbox 78 2627 1021 2711; baseline -0.01 -17"><span class='ocrx_word' id='word_1_191' title='bbox 78 2632 245 2711; x_wconf 89' lang='lat' dir='ltr'>Lepidianis</span> <span class='ocrx_word' id='word_1_192' title='bbox 266 2629 342 2686; x_wconf 91' lang='lat' dir='ltr'>seriis</span> <span class='ocrx_word' id='word_1_193' title='bbox 364 2628 472 2686; x_wconf 88' lang='lat' dir='ltr'>Balbus</span> <span class='ocrx_word' id='word_1_194' title='bbox 493 2629 530 2687; x_wconf 91' lang='lat' dir='ltr'>ad</span> <span class='ocrx_word' id='word_1_195' title='bbox 551 2647 607 2700; x_wconf 91' lang='lat' dir='ltr'>me,</span> <span class='ocrx_word' id='word_1_196' title='bbox 625 2647 717 2704; x_wconf 85' lang='lat' dir='ltr'>usque</span> <span class='ocrx_word' id='word_1_197' title='bbox 738 2628 776 2686; x_wconf 89' lang='lat' dir='ltr'>ad</span> <span class='ocrx_word' id='word_1_198' title='bbox 797 2648 838 2687; x_wconf 91' lang='lat'>111.</span> <span class='ocrx_word' id='word_1_199' title='bbox 855 2627 920 2687; x_wconf 90' lang='lat' dir='ltr'>Kal.</span> <span class='ocrx_word' id='word_1_200' title='bbox 962 2627 1021 2686; x_wconf 86' lang='lat' dir='ltr'>Ex·</span> 
     </span>
     <span class='ocr_line' id='line_1_26' title="bbox 78 2725 1020 2808; baseline -0.01 -17"><span class='ocrx_word' id='word_1_201' title='bbox 78 2730 219 2808; x_wconf 90' lang='lat' dir='ltr'>spectabo</span> <span class='ocrx_word' id='word_1_202' title='bbox 240 2740 302 2785; x_wconf 89' lang='lat' dir='ltr'>tuas</span> <span class='ocrx_word' id='word_1_203' title='bbox 324 2727 564 2802; x_wconf 74' lang='lat' dir='ltr'>litteras-meque</span> <span class='ocrx_word' id='word_1_204' title='bbox 585 2728 615 2782; x_wconf 78' lang='lat' dir='ltr'>de</span> <span class='ocrx_word' id='word_1_205' title='bbox 632 2725 774 2801; x_wconf 89' lang='lat' dir='ltr'>Torquati</span> <span class='ocrx_word' id='word_1_206' title='bbox 795 2726 944 2801; x_wconf 89' lang='lat' dir='ltr'>negotiolo</span> <span class='ocrx_word' id='word_1_207' title='bbox 967 2728 1020 2784; x_wconf 86' lang='lat' dir='ltr'>sci-</span> 
     </span>
     <span class='ocr_line' id='line_1_27' title="bbox 77 2823 1020 2902; baseline -0.005 -16"><span class='ocrx_word' id='word_1_208' title='bbox 77 2843 175 2888; x_wconf 87' lang='lat' dir='ltr'>turum</span> <span class='ocrx_word' id='word_1_209' title='bbox 196 2834 275 2902; x_wconf 93' lang='lat' dir='ltr'>puto.</span> <span class='ocrx_word' id='word_1_210' title='bbox 318 2823 419 2895; x_wconf 85' lang='lat' dir='ltr'>Quinti</span> <span class='ocrx_word' id='word_1_211' title='bbox 440 2823 545 2880; x_wconf 86' lang='lat' dir='ltr'>litteras</span> <span class='ocrx_word' id='word_1_212' title='bbox 567 2823 604 2881; x_wconf 88' lang='lat' dir='ltr'>ad</span> <span class='ocrx_word' id='word_1_213' title='bbox 627 2833 654 2880; x_wconf 90' lang='lat' dir='ltr'>te</span> <span class='ocrx_word' id='word_1_214' title='bbox 675 2824 748 2893; x_wconf 91' lang='lat' dir='ltr'>misi,</span> <span class='ocrx_word' id='word_1_215' title='bbox 767 2833 798 2880; x_wconf 92' lang='lat' dir='ltr'>ut</span> <span class='ocrx_word' id='word_1_216' title='bbox 820 2824 916 2893; x_wconf 89' lang='lat' dir='ltr'>scires,</span> <span class='ocrx_word' id='word_1_217' title='bbox 932 2841 1020 2898; x_wconf 91' lang='lat' dir='ltr'>quam</span> 
     </span>
     <span class='ocr_line' id='line_1_28' title="bbox 77 2921 1020 2995; baseline -0.007 -10"><span class='ocrx_word' id='word_1_218' title='bbox 77 2927 161 2985; x_wconf 91' lang='lat' dir='ltr'>valde</span> <span class='ocrx_word' id='word_1_219' title='bbox 176 2941 243 2981; x_wconf 91' lang='lat' dir='ltr'>eum</span> <span class='ocrx_word' id='word_1_220' title='bbox 257 2930 375 2992; x_wconf 90' lang='lat' dir='ltr'>amaret,</span> <span class='ocrx_word' id='word_1_221' title='bbox 386 2938 475 2995; x_wconf 92' lang='lat' dir='ltr'>quem</span> <span class='ocrx_word' id='word_1_222' title='bbox 489 2921 568 2978; x_wconf 89' lang='lat' dir='ltr'>dolet</span> <span class='ocrx_word' id='word_1_223' title='bbox 582 2939 600 2978; x_wconf 90' lang='lat' dir='ltr'>a</span> <span class='ocrx_word' id='word_1_224' title='bbox 614 2934 641 2978; x_wconf 92' lang='lat' dir='ltr'>te</span> <span class='ocrx_word' id='word_1_225' title='bbox 656 2921 751 2978; x_wconf 91' lang='lat' dir='ltr'>minus</span> <span class='ocrx_word' id='word_1_226' title='bbox 765 2921 863 2978; x_wconf 85' lang='lat' dir='ltr'>amari.</span> <span class='ocrx_word' id='word_1_227' title='bbox 899 2921 1020 2991; x_wconf 84' lang='lat' dir='ltr'>Atticae,</span> 
     </span>
     <span class='ocr_line' id='line_1_29' title="bbox 78 3017 1020 3100; baseline -0.004 -19"><span class='ocrx_word' id='word_1_228' title='bbox 78 3024 227 3100; x_wconf 91' lang='lat' dir='ltr'>quoniam,</span> <span class='ocrx_word' id='word_1_229' title='bbox 243 3019 323 3095; x_wconf 93' lang='lat' dir='ltr'>quod</span> <span class='ocrx_word' id='word_1_230' title='bbox 344 3019 487 3094; x_wconf 91' lang='lat' dir='ltr'>optimum</span> <span class='ocrx_word' id='word_1_231' title='bbox 508 3019 538 3075; x_wconf 90' lang='lat' dir='ltr'>in</span> <span class='ocrx_word' id='word_1_232' title='bbox 559 3019 655 3095; x_wconf 88' lang='lat' dir='ltr'>pueris</span> <span class='ocrx_word' id='word_1_233' title='bbox 677 3027 729 3088; x_wconf 90' lang='lat' dir='ltr'>est,</span> <span class='ocrx_word' id='word_1_234' title='bbox 744 3017 863 3076; x_wconf 90' lang='lat' dir='ltr'>hilarula</span> <span class='ocrx_word' id='word_1_235' title='bbox 881 3027 932 3088; x_wconf 89' lang='lat' dir='ltr'>est,</span> <span class='ocrx_word' id='word_1_236' title='bbox 948 3020 1020 3077; x_wconf 86' lang='lat' dir='ltr'>meis</span> 
     </span>
     <span class='ocr_line' id='line_1_30' title="bbox 78 3114 480 3180; baseline -0.015 -2"><span class='ocrx_word' id='word_1_237' title='bbox 78 3120 171 3180; x_wconf 90' lang='lat' dir='ltr'>verbis</span> <span class='ocrx_word' id='word_1_238' title='bbox 193 3118 323 3177; x_wconf 88' lang='lat' dir='ltr'>suavium</span> <span class='ocrx_word' id='word_1_239' title='bbox 337 3115 390 3173; x_wconf 91' lang='lat' dir='ltr'>des</span> <span class='ocrx_word' id='word_1_240' title='bbox 405 3114 480 3173; x_wconf 91' lang='lat' dir='ltr'>volo.</span> 
     </span>
    </p>
   </div>
   <div class='ocr_carea' id='block_1_5' title="bbox 0 0 1178 3788">
    <p class='ocr_par' dir='ltr' id='par_1_5' title="bbox 0 0 1178 3788">
     <span class='ocr_line' id='line_1_31' title="bbox 0 0 1178 3788; baseline 0 2"><span class='ocrx_word' id='word_1_241' title='bbox 0 0 1178 3788; x_wconf 95' lang='lat' dir='ltr'> </span> 
     </span>
    </p>
   </div>
  </div>
 </body>
</html>
