2348 3788
118 238 162 301 xp.
180 218 234 310 μ]
337 232 451 286 ratur.
474 234 524 282 An
545 229 708 283 arricum
728 226 761 283 x.
776 219 809 284 8.
994 222 1055 303 169

115 395 227 451 tionem
241 400 301 449 tam
321 391 380 449 cito
400 389 534 462 amiserit,
549 389 778 449 mansuetudinis
797 378 827 448 in
842 388 970 459 Metello,
985 389 1056 448 divi·
1113 390 1117 400 '

114 493 218 549 tiarum
246 491 276 547 in
303 490 421 547 aerario,
463 489 535 558 lam,
564 490 670 564 quibus
699 498 794 546 utatur
821 488 865 546 vel
898 489 984 546 sociis
1011 489 1057 546 vel
1091 553 1093 564 Ι

115 589 261 658 ministris,
290 588 314 645 si
341 587 360 644 ii
388 587 559 661 provincias,
585 587 608 644 si
636 587 656 644 ii
683 605 744 643 rem
772 586 917 661 publicam
944 595 1055 662 regent,

115 703 240 762 quorum
269 702 357 742 nemo
386 685 443 742 duo
471 701 588 742 menses
615 685 709 758 potuit
736 685 942 761 patrimonium
971 701 1055 742 suum

114 784 298 860 gubernare?
341 795 367 857 7.
390 782 461 840 Non
476 791 543 840 sunt
556 782 656 840 omnia
669 782 840 857 colligenda,
855 800 929 858 quae
944 792 975 838 tu
989 800 1056 839 acu·

115 884 225 939 tissime
247 881 395 958 perspicis,
417 880 468 938 sed
489 891 586 937 tamen
609 897 644 937 ea
664 897 742 955 pone
767 889 833 936 ante
856 879 976 937 oculos:
997 880 1056 936 iam

114 979 264 1054 intelleges
283 979 312 1036 id
331 996 453 1053 regnum
472 978 518 1034 vix
538 988 675 1035 semestre
696 994 761 1036 esse
781 994 877 1052 posse.
921 976 1010 1048 Quod
1031 977 1056 1034 si

114 1096 162 1135 me
182 1077 318 1146 fefellerit,
340 1076 439 1147 feram,
455 1076 529 1133 sicut
547 1075 629 1132 multi
650 1073 799 1133 clarissimi
820 1074 955 1132 homines
974 1076 1055 1132 inre

114 1176 232 1251 publica
259 1174 433 1232 excellentes
461 1173 594 1243 tulerunt,
618 1173 673 1230 nisi
697 1173 771 1230 forte
795 1190 844 1230 me
867 1172 1056 1247 Sardanapali

114 1274 207 1330 vicem
223 1267 265 1350 [in
280 1289 335 1329 suo
354 1266 471 1349 lectulo]
487 1270 560 1327 mori
578 1270 663 1328 malle
682 1270 828 1328 censueris
847 1288 935 1345 quam
955 1271 1055 1327 exsilio

115 1369 343 1438 Themistoclen,
358 1369 407 1444 qui
422 1386 489 1426 cum
503 1367 611 1437 fuisset,
626 1376 658 1424 ut
678 1368 717 1424 ait
731 1366 928 1442 Thucydides,
942 1375 993 1424 τῶν
1010 1371 1057 1439 μὲν

114 1472 247 1538 παρόντων
266 1469 296 1522 δι’
318 1469 460 1539 ἐλαχίστης
478 1469 576 1535 βουλῆς
596 1468 730 1539 κράτιστος
749 1470 862 1538 γνώμων,
876 1471 926 1520 τῶν
946 1467 975 1520 δὲ
994 1470 1056 1535 μελ-

115 1569 215 1620 λόντων
236 1567 262 1622 e’s
281 1568 406 1620 πλεῖστον
427 1569 472 1618 τοῦ
491 1562 663 1636 γενησομένω
684 1564 790 1637 ἄριστος
810 1562 936 1634 εἷκαστὴς,
957 1571 1055 1620 tamen

116 1662 215 1720 incidit
231 1663 261 1718 in
278 1679 329 1719 eos
349 1678 441 1732 casus,
457 1679 531 1737 quos
546 1661 669 1730 vitasset,
683 1662 707 1718 si
725 1677 792 1718 eum
811 1661 881 1718 nihil
902 1660 1055 1719 fefellisset.

115 1760 178 1817 Etsi
198 1761 222 1818 lS
241 1770 309 1830 erat,
324 1769 356 1817 ut
374 1760 412 1817 ait
429 1760 515 1828 idem,
530 1760 580 1834 qul
599 1763 629 1814 τὸ
647 1761 749 1829 ἄμεινον
766 1762 806 1814 καὶ
824 1762 854 1813 τὸ
871 1764 958 1832 χεῖρον
979 1761 1006 1814 ἐν
1019 1765 1056 1834 τῷ

114 1862 211 1930 ἀφανεῖ
230 1861 268 1913 ἔτι
286 1861 352 1930 ἐώρα
369 1861 490 1926 μάλιστα,
510 1868 608 1914 tamen
629 1875 690 1913 non
709 1856 786 1926 vidit,
808 1874 863 1914 nec
883 1873 943 1931 quo
964 1856 1055 1914 modo

115 1956 416 2014 Lacedaemoniorum
441 1973 497 2012 nec
519 1972 577 2030 quo
600 1954 691 2012 modo
713 1970 831 2012 suorum
856 1954 960 2010 civium
984 1954 1055 2010 invi·

116 2055 195 2112 diam
223 2054 362 2128 effugeret
393 2070 448 2110 nec
476 2053 546 2127 quid
573 2052 725 2109 Artaxerxi
752 2051 940 2127 polliceretur.
984 2049 1054 2108 Non

115 2152 216 2209 suisset
237 2152 285 2208 illa
305 2166 365 2211 nox
387 2161 447 2207 tam
468 2151 572 2208 acerba
591 2149 738 2220 Africano,
757 2150 970 2224 sapientissimo
984 2149 1054 2220 viro,

115 2266 177 2306 non
204 2260 264 2306 tam
292 2249 370 2305 dirus
398 2248 445 2305 ille
474 2247 536 2304 dies
564 2246 699 2304 Sullanus
726 2247 911 2304 callidissimo
934 2248 995 2304 viro
1020 2246 1053 2306 C.

115 2346 220 2416 Mario,
241 2347 265 2405 si
286 2346 355 2403 nihil
376 2355 531 2419 utrumque
552 2340 653 2402 eorum
676 2344 828 2403 fefellisset.
870 2343 935 2402 Nos
957 2354 1055 2402 tamen

115 2445 172 2502 hoc
187 2444 393 2501 confirmamus
408 2443 456 2500 illo
475 2443 604 2517 augurio,
620 2460 679 2518 quo
697 2442 832 2512 diximus,
847 2460 902 2500 nec
916 2460 971 2500 nos
986 2441 1056 2499 fallit

115 2560 171 2599 nec
192 2540 272 2598 aliter
293 2541 421 2598 accidet:
437 2615 440 2618 .
455 2541 481 2597 8.
512 2550 627 2598 corruat
647 2541 700 2598 iste
723 2555 843 2599 necesse
865 2549 909 2598 est
933 2550 982 2596 aut
1004 2558 1056 2615 per

115 2639 295 2696 adversarios
312 2649 361 2695 aut
375 2639 437 2713 ipse
456 2656 508 2714 per
528 2656 569 2709 se,
583 2639 632 2713 qui
647 2638 765 2714 quidem
787 2639 841 2696 sibi
860 2648 904 2696 est
922 2638 1056 2695 adversa·

113 2739 173 2794 rius
190 2755 265 2794 unus
282 2737 458 2810 acerrimus3
484 2737 514 2794 id
532 2754 618 2812 spero
637 2737 707 2794 vivis
726 2737 812 2794 nobis
831 2735 902 2794 fore.
943 2735 1056 2807 Quam·

113 2853 204 2910 quam
223 2845 338 2910 tempus
356 2843 400 2892 est
421 2851 476 2892 nos
495 2833 532 2892 de
548 2834 596 2892 illa
616 2845 756 2911 perpetua
776 2835 842 2903 iam,
860 2852 922 2892 non
941 2834 978 2892 de
999 2834 1055 2892 hac

113 2934 220 3007 exigua
238 2932 295 2989 vita
316 2933 451 3007 cogitare.
493 2931 545 2990 Sin
566 2932 636 3008 quid
657 2933 792 2990 acciderit
813 2932 962 3002 maturius,
976 2932 1055 2989 haud

113 3048 185 3087 sane
205 3048 272 3087 mea
292 3029 414 3087 multum
436 3028 602 3101 interfuerit,
623 3040 719 3088 utrum
740 3029 850 3088 sactum
871 3031 992 3100 videam,
1014 3048 1053 3086 an

113 3128 241 3185 futurum
256 3145 320 3184 esse
334 3128 424 3185 multo
439 3138 506 3186 ante
517 3128 642 3186 viderim
682 3127 767 3201 Quae
781 3146 848 3186 cum
862 3130 901 3186 ita
916 3129 980 3197 sint,
991 3144 1052 3185 non

113 3235 160 3282 est
179 3225 428 3295 committendum,
442 3235 474 3283 ut
492 3226 526 3283 iis
543 3245 669 3301 paream,
685 3243 758 3302 quos
780 3236 881 3284 eontra
901 3244 949 3282 me
968 3244 1051 3284 sena·

114 3335 171 3391 tus,
187 3341 224 3379 ne
239 3321 309 3397 quid
323 3340 368 3380 res
382 3323 497 3397 publica
512 3324 673 3381 detrimenti
688 3325 838 3398 acciperet,
854 3323 980 3380 armavit.
1024 3342 1050 3398 9.

114 3419 185 3478 Tibi
213 3429 280 3477 sunt
309 3420 410 3479 omnia
443 3421 655 3492 commendata,
683 3437 758 3497 quae
791 3421 1052 3481 commendationis
