<?xml version="1.0" encoding="UTF-8"?>
<!DOCTYPE html PUBLIC "-//W3C//DTD XHTML 1.0 Transitional//EN"
    "http://www.w3.org/TR/xhtml1/DTD/xhtml1-transitional.dtd">
<html xmlns="http://www.w3.org/1999/xhtml" xml:lang="en" lang="en">
 <head>
  <title>
</title>
<meta http-equiv="Content-Type" content="text/html;charset=utf-8" />
  <meta name='ocr-system' content='tesseract 3.04.00' />
  <meta name='ocr-capabilities' content='ocr_page ocr_carea ocr_par ocr_line ocrx_word'/>
</head>
<body>
  <div class='ocr_page' id='page_1' title='image "./epistolaeselect01cicegoog/epistolaeselect01cicegoog_0116.png"; bbox 0 0 2348 3788; ppageno 0'>
   <div class='ocr_carea' id='block_1_1' title="bbox 173 194 1113 300">
    <p class='ocr_par' dir='ltr' id='par_1_1' title="bbox 173 194 1113 300">
     <span class='ocr_line' id='line_1_1' title="bbox 173 194 1113 300; baseline -0.005 -17"><span class='ocrx_word' id='word_1_1' title='bbox 173 237 233 284; x_wconf 93' lang='lat'>100</span> <span class='ocrx_word' id='word_1_2' title='bbox 448 228 488 280; x_wconf 80' lang='lat' dir='ltr'>ru.</span> <span class='ocrx_word' id='word_1_3' title='bbox 514 228 635 278; x_wconf 78' lang='lat' dir='ltr'><em>TULLII</em></span> <span class='ocrx_word' id='word_1_4' title='bbox 656 229 846 279; x_wconf 76' lang='lat' dir='ltr'>crcunonrs</span> <span class='ocrx_word' id='word_1_5' title='bbox 941 194 955 243; x_wconf 58' lang='lat'><strong><em>7</em></strong></span> <span class='ocrx_word' id='word_1_6' title='bbox 996 217 1066 300; x_wconf 71' lang='lat' dir='ltr'>[Pars</span> <span class='ocrx_word' id='word_1_7' title='bbox 1080 230 1113 280; x_wconf 90' lang='lat'>11.</span> 
     </span>
    </p>
   </div>
   <div class='ocr_carea' id='block_1_2' title="bbox 75 380 1113 459">
    <p class='ocr_par' dir='ltr' id='par_1_2' title="bbox 75 380 1113 459">
     <span class='ocr_line' id='line_1_2' title="bbox 75 380 1113 459; baseline -0.002 -19"><span class='ocrx_word' id='word_1_8' title='bbox 75 443 82 451; x_wconf 72' lang='grc'><em>,</em></span> <span class='ocrx_word' id='word_1_9' title='bbox 169 382 265 459; x_wconf 86' lang='lat' dir='ltr'>‘quid,</span> <span class='ocrx_word' id='word_1_10' title='bbox 298 380 323 440; x_wconf 90' lang='lat' dir='ltr'>si</span> <span class='ocrx_word' id='word_1_11' title='bbox 355 381 429 439; x_wconf 90' lang='lat' dir='ltr'>filius</span> <span class='ocrx_word' id='word_1_12' title='bbox 459 399 541 440; x_wconf 90' lang='lat' dir='ltr'>meus</span> <span class='ocrx_word' id='word_1_13' title='bbox 574 380 680 439; x_wconf 86' lang='lat' dir='ltr'>fustem</span> <span class='ocrx_word' id='word_1_14' title='bbox 696 380 782 439; x_wconf 49' lang='lat' dir='ltr'>&gt;mihi</span> <span class='ocrx_word' id='word_1_15' title='bbox 812 380 973 458; x_wconf 84' lang='lat' dir='ltr'><strong>impingere</strong></span> <span class='ocrx_word' id='word_1_16' title='bbox 1003 380 1113 439; x_wconf 74' lang='lat' dir='ltr'>volett’</span> 
     </span>
    </p>
   </div>
   <div class='ocr_carea' id='block_1_3' title="bbox 100 479 1117 2210">
    <p class='ocr_par' dir='ltr' id='par_1_3' title="bbox 100 479 1117 2210">
     <span class='ocr_line' id='line_1_3' title="bbox 169 479 1114 555; baseline -0.004 -17"><span class='ocrx_word' id='word_1_17' title='bbox 169 480 226 538; x_wconf 92' lang='lat' dir='ltr'>His</span> <span class='ocrx_word' id='word_1_18' title='bbox 257 479 384 550; x_wconf 89' lang='lat' dir='ltr'>vocibus,</span> <span class='ocrx_word' id='word_1_19' title='bbox 413 487 446 536; x_wconf 92' lang='lat' dir='ltr'>ut</span> <span class='ocrx_word' id='word_1_20' title='bbox 477 479 672 536; x_wconf 82' lang='lat' dir='ltr'><strong>existimarent</strong></span> <span class='ocrx_word' id='word_1_21' title='bbox 704 479 838 537; x_wconf 90' lang='lat' dir='ltr'>homines</span> <span class='ocrx_word' id='word_1_22' title='bbox 870 479 1011 555; x_wconf 92' lang='lat' dir='ltr'>Pompeio</span> <span class='ocrx_word' id='word_1_23' title='bbox 1045 497 1114 536; x_wconf 92' lang='lat' dir='ltr'>cum</span> 
     </span>
     <span class='ocr_line' id='line_1_4' title="bbox 169 575 1114 652; baseline -0.006 -14"><span class='ocrx_word' id='word_1_24' title='bbox 169 579 294 638; x_wconf 83' lang='lat' dir='ltr'>Caesare</span> <span class='ocrx_word' id='word_1_25' title='bbox 322 594 386 636; x_wconf 90' lang='lat' dir='ltr'>esse</span> <span class='ocrx_word' id='word_1_26' title='bbox 414 576 573 650; x_wconf 84' lang='lat' dir='ltr'>negotium,</span> <span class='ocrx_word' id='word_1_27' title='bbox 597 575 710 648; x_wconf 87' lang='lat' dir='ltr'>effecit;</span> <span class='ocrx_word' id='word_1_28' title='bbox 742 577 839 652; x_wconf 89' lang='lat' dir='ltr'>itaque</span> <span class='ocrx_word' id='word_1_29' title='bbox 866 576 932 648; x_wconf 89' lang='lat' dir='ltr'>iam,</span> <span class='ocrx_word' id='word_1_30' title='bbox 960 585 992 633; x_wconf 91' lang='lat' dir='ltr'>ut</span> <span class='ocrx_word' id='word_1_31' title='bbox 1018 576 1114 644; x_wconf 91' lang='lat' dir='ltr'>video,</span> 
     </span>
     <span class='ocr_line' id='line_1_5' title="bbox 169 672 1114 743; baseline -0.002 -11"><span class='ocrx_word' id='word_1_32' title='bbox 169 675 286 732; x_wconf 88' lang='lat' dir='ltr'>alteram</span> <span class='ocrx_word' id='word_1_33' title='bbox 310 681 404 730; x_wconf 87' lang='lat' dir='ltr'>utram</span> <span class='ocrx_word' id='word_1_34' title='bbox 428 672 466 730; x_wconf 90' lang='lat' dir='ltr'>ad</span> <span class='ocrx_word' id='word_1_35' title='bbox 491 673 695 731; x_wconf 90' lang='lat' dir='ltr'>condicionem</span> <span class='ocrx_word' id='word_1_36' title='bbox 718 672 894 732; x_wconf 88' lang='lat' dir='ltr'>descendere</span> <span class='ocrx_word' id='word_1_37' title='bbox 915 674 975 731; x_wconf 92' lang='lat' dir='ltr'>volt</span> <span class='ocrx_word' id='word_1_38' title='bbox 996 673 1114 743; x_wconf 87' lang='lat' dir='ltr'>Caesar,</span> 
     </span>
     <span class='ocr_line' id='line_1_6' title="bbox 168 769 1114 845; baseline -0.002 -16"><span class='ocrx_word' id='word_1_39' title='bbox 168 783 201 829; x_wconf 93' lang='lat' dir='ltr'>ut</span> <span class='ocrx_word' id='word_1_40' title='bbox 229 781 277 829; x_wconf 89' lang='lat' dir='ltr'>aut</span> <span class='ocrx_word' id='word_1_41' title='bbox 304 778 421 828; x_wconf 87' lang='lat' dir='ltr'>maneat</span> <span class='ocrx_word' id='word_1_42' title='bbox 453 787 549 845; x_wconf 89' lang='lat' dir='ltr'>neque</span> <span class='ocrx_word' id='word_1_43' title='bbox 578 769 637 829; x_wconf 91' lang='lat' dir='ltr'>hoc</span> <span class='ocrx_word' id='word_1_44' title='bbox 666 788 744 829; x_wconf 86' lang='lat' dir='ltr'>anno</span> <span class='ocrx_word' id='word_1_45' title='bbox 778 789 830 829; x_wconf 91' lang='lat' dir='ltr'>sua</span> <span class='ocrx_word' id='word_1_46' title='bbox 861 771 933 829; x_wconf 91' lang='lat' dir='ltr'>ratio</span> <span class='ocrx_word' id='word_1_47' title='bbox 965 770 1114 838; x_wconf 87' lang='lat' dir='ltr'>habeatur,</span> 
     </span>
     <span class='ocr_line' id='line_1_7' title="bbox 169 867 1116 943; baseline -0.002 -15"><span class='ocrx_word' id='word_1_48' title='bbox 169 881 227 939; x_wconf 87' lang='lat' dir='ltr'>aut,</span> <span class='ocrx_word' id='word_1_49' title='bbox 249 869 272 927; x_wconf 94' lang='lat' dir='ltr'>si</span> <span class='ocrx_word' id='word_1_50' title='bbox 294 868 439 942; x_wconf 88' lang='lat' dir='ltr'>designari</span> <span class='ocrx_word' id='word_1_51' title='bbox 464 867 576 943; x_wconf 90' lang='lat' dir='ltr'>poterit,</span> <span class='ocrx_word' id='word_1_52' title='bbox 599 868 729 928; x_wconf 87' lang='lat' dir='ltr'>decedat.</span> <span class='ocrx_word' id='word_1_53' title='bbox 774 888 819 928; x_wconf 90' lang='lat'>10.</span> <span class='ocrx_word' id='word_1_54' title='bbox 841 868 932 927; x_wconf 90' lang='lat' dir='ltr'>Curio</span> <span class='ocrx_word' id='word_1_55' title='bbox 959 887 991 927; x_wconf 93' lang='lat' dir='ltr'>se</span> <span class='ocrx_word' id='word_1_56' title='bbox 1012 880 1116 927; x_wconf 88' lang='lat' dir='ltr'>contra</span> 
     </span>
     <span class='ocr_line' id='line_1_8' title="bbox 100 965 1116 1042; baseline 0.003 -21"><span class='ocrx_word' id='word_1_57' title='bbox 100 978 103 986; x_wconf 79' lang='grc'><em>’</em></span> <span class='ocrx_word' id='word_1_58' title='bbox 170 983 237 1022; x_wconf 91' lang='lat' dir='ltr'>eum</span> <span class='ocrx_word' id='word_1_59' title='bbox 265 975 358 1022; x_wconf 90' lang='lat' dir='ltr'>totum</span> <span class='ocrx_word' id='word_1_60' title='bbox 386 975 485 1040; x_wconf 91' lang='lat' dir='ltr'>parat;</span> <span class='ocrx_word' id='word_1_61' title='bbox 521 965 591 1041; x_wconf 93' lang='lat' dir='ltr'>quid</span> <span class='ocrx_word' id='word_1_62' title='bbox 618 966 738 1041; x_wconf 86' lang='lat' dir='ltr'>adsequi</span> <span class='ocrx_word' id='word_1_63' title='bbox 765 967 864 1042; x_wconf 86' lang='lat' dir='ltr'>possit,</span> <span class='ocrx_word' id='word_1_64' title='bbox 893 966 1010 1024; x_wconf 86' lang='lat' dir='ltr'>nescio:</span> <span class='ocrx_word' id='word_1_65' title='bbox 1045 966 1116 1024; x_wconf 96' lang='lat' dir='ltr'>illud</span> 
     </span>
     <span class='ocr_line' id='line_1_9' title="bbox 169 1063 1115 1135; baseline 0.003 -18"><span class='ocrx_word' id='word_1_66' title='bbox 169 1063 262 1132; x_wconf 88' lang='lat' dir='ltr'>video,</span> <span class='ocrx_word' id='word_1_67' title='bbox 287 1064 363 1120; x_wconf 89' lang='lat' dir='ltr'>bene</span> <span class='ocrx_word' id='word_1_68' title='bbox 391 1063 570 1134; x_wconf 88' lang='lat' dir='ltr'>sentientem,</span> <span class='ocrx_word' id='word_1_69' title='bbox 595 1064 648 1122; x_wconf 91' lang='lat' dir='ltr'>etsi</span> <span class='ocrx_word' id='word_1_70' title='bbox 676 1063 746 1121; x_wconf 90' lang='lat' dir='ltr'>nihil</span> <span class='ocrx_word' id='word_1_71' title='bbox 771 1064 904 1135; x_wconf 88' lang='lat' dir='ltr'>effecerit,</span> <span class='ocrx_word' id='word_1_72' title='bbox 926 1065 1028 1122; x_wconf 88' lang='lat' dir='ltr'>cadere</span> <span class='ocrx_word' id='word_1_73' title='bbox 1053 1082 1115 1123; x_wconf 90' lang='lat' dir='ltr'>non</span> 
     </span>
     <span class='ocr_line' id='line_1_10' title="bbox 170 1159 1115 1234; baseline 0.002 -17"><span class='ocrx_word' id='word_1_74' title='bbox 170 1177 266 1234; x_wconf 89' lang='lat' dir='ltr'>posse.</span> <span class='ocrx_word' id='word_1_75' title='bbox 308 1159 360 1218; x_wconf 90' lang='lat' dir='ltr'>Me</span> <span class='ocrx_word' id='word_1_76' title='bbox 382 1170 483 1218; x_wconf 89' lang='lat' dir='ltr'>tractat</span> <span class='ocrx_word' id='word_1_77' title='bbox 504 1159 656 1218; x_wconf 86' lang='lat' dir='ltr'>liberaliter</span> <span class='ocrx_word' id='word_1_78' title='bbox 674 1160 764 1219; x_wconf 90' lang='lat' dir='ltr'>Curio</span> <span class='ocrx_word' id='word_1_79' title='bbox 785 1171 814 1219; x_wconf 90' lang='lat' dir='ltr'>et</span> <span class='ocrx_word' id='word_1_80' title='bbox 833 1162 903 1218; x_wconf 92' lang='lat' dir='ltr'>mihi</span> <span class='ocrx_word' id='word_1_81' title='bbox 921 1179 974 1219; x_wconf 90' lang='lat' dir='ltr'>suo</span> <span class='ocrx_word' id='word_1_82' title='bbox 994 1179 1115 1219; x_wconf 88' lang='lat' dir='ltr'>munere</span> 
     </span>
     <span class='ocr_line' id='line_1_11' title="bbox 170 1257 1115 1333; baseline 0.004 -20"><span class='ocrx_word' id='word_1_83' title='bbox 170 1257 321 1331; x_wconf 87' lang='lat' dir='ltr'>negotium</span> <span class='ocrx_word' id='word_1_84' title='bbox 348 1257 505 1333; x_wconf 90' lang='lat' dir='ltr'>imposuit;</span> <span class='ocrx_word' id='word_1_85' title='bbox 539 1275 609 1315; x_wconf 87' lang='lat' dir='ltr'>nam</span> <span class='ocrx_word' id='word_1_86' title='bbox 638 1257 662 1316; x_wconf 93' lang='lat' dir='ltr'>si</span> <span class='ocrx_word' id='word_1_87' title='bbox 689 1257 760 1316; x_wconf 93' lang='lat' dir='ltr'>mihi</span> <span class='ocrx_word' id='word_1_88' title='bbox 788 1276 849 1317; x_wconf 91' lang='lat' dir='ltr'>non</span> <span class='ocrx_word' id='word_1_89' title='bbox 877 1259 1002 1316; x_wconf 89' lang='lat' dir='ltr'>dedisset</span> <span class='ocrx_word' id='word_1_90' title='bbox 1030 1258 1115 1328; x_wconf 89' lang='lat' dir='ltr'>feras,</span> 
     </span>
     <span class='ocr_line' id='line_1_12' title="bbox 170 1354 1117 1430; baseline 0.001 -19"><span class='ocrx_word' id='word_1_91' title='bbox 170 1373 245 1429; x_wconf 91' lang='lat' dir='ltr'>quae</span> <span class='ocrx_word' id='word_1_92' title='bbox 280 1354 318 1414; x_wconf 86' lang='lat' dir='ltr'>ad</span> <span class='ocrx_word' id='word_1_93' title='bbox 352 1355 439 1412; x_wconf 90' lang='lat' dir='ltr'>ludos</span> <span class='ocrx_word' id='word_1_94' title='bbox 473 1355 501 1413; x_wconf 90' lang='lat' dir='ltr'>ei</span> <span class='ocrx_word' id='word_1_95' title='bbox 538 1354 676 1413; x_wconf 81' lang='lat' dir='ltr'>advectae</span> <span class='ocrx_word' id='word_1_96' title='bbox 710 1365 792 1413; x_wconf 87' lang='lat' dir='ltr'>erant</span> <span class='ocrx_word' id='word_1_97' title='bbox 824 1354 986 1426; x_wconf 88' lang='lat' dir='ltr'>Africanae,</span> <span class='ocrx_word' id='word_1_98' title='bbox 1020 1357 1117 1430; x_wconf 85' lang='lat' dir='ltr'>potuit</span> 
     </span>
     <span class='ocr_line' id='line_1_13' title="bbox 171 1449 1115 1527; baseline 0.004 -20"><span class='ocrx_word' id='word_1_99' title='bbox 171 1450 358 1526; x_wconf 89' lang='lat' dir='ltr'>supersederi.</span> <span class='ocrx_word' id='word_1_100' title='bbox 393 1449 490 1520; x_wconf 93' lang='lat' dir='ltr'>Nunc,</span> <span class='ocrx_word' id='word_1_101' title='bbox 506 1451 645 1527; x_wconf 89' lang='lat' dir='ltr'>quoniam</span> <span class='ocrx_word' id='word_1_102' title='bbox 667 1452 735 1511; x_wconf 89' lang='lat' dir='ltr'>dare</span> <span class='ocrx_word' id='word_1_103' title='bbox 756 1470 875 1511; x_wconf 90' lang='lat' dir='ltr'>necesse</span> <span class='ocrx_word' id='word_1_104' title='bbox 895 1462 946 1524; x_wconf 86' lang='lat' dir='ltr'>est,</span> <span class='ocrx_word' id='word_1_105' title='bbox 961 1453 1047 1510; x_wconf 88' lang='lat' dir='ltr'>velim</span> <span class='ocrx_word' id='word_1_106' title='bbox 1064 1455 1115 1512; x_wconf 92' lang='lat' dir='ltr'>tibi</span> 
     </span>
     <span class='ocr_line' id='line_1_14' title="bbox 171 1547 1114 1626; baseline 0.005 -21"><span class='ocrx_word' id='word_1_107' title='bbox 171 1567 255 1606; x_wconf 89' lang='lat' dir='ltr'>curae</span> <span class='ocrx_word' id='word_1_108' title='bbox 283 1548 328 1618; x_wconf 89' lang='lat' dir='ltr'>sit,</span> <span class='ocrx_word' id='word_1_109' title='bbox 355 1547 435 1622; x_wconf 93' lang='lat' dir='ltr'>quod</span> <span class='ocrx_word' id='word_1_110' title='bbox 465 1565 484 1605; x_wconf 90' lang='lat' dir='ltr'>a</span> <span class='ocrx_word' id='word_1_111' title='bbox 516 1557 545 1606; x_wconf 88' lang='lat' dir='ltr'>te</span> <span class='ocrx_word' id='word_1_112' title='bbox 578 1567 693 1625; x_wconf 88' lang='lat' dir='ltr'>semper</span> <span class='ocrx_word' id='word_1_113' title='bbox 720 1550 797 1624; x_wconf 90' lang='lat' dir='ltr'>petii,</span> <span class='ocrx_word' id='word_1_114' title='bbox 825 1559 857 1608; x_wconf 91' lang='lat' dir='ltr'>ut</span> <span class='ocrx_word' id='word_1_115' title='bbox 889 1549 995 1626; x_wconf 90' lang='lat' dir='ltr'>aliquid</span> <span class='ocrx_word' id='word_1_116' title='bbox 1029 1551 1114 1611; x_wconf 91' lang='lat' dir='ltr'>istinc</span> 
     </span>
     <span class='ocr_line' id='line_1_15' title="bbox 171 1644 1116 1723; baseline 0.004 -20"><span class='ocrx_word' id='word_1_117' title='bbox 171 1646 327 1704; x_wconf 88' lang='lat' dir='ltr'>bestiarum</span> <span class='ocrx_word' id='word_1_118' title='bbox 343 1644 511 1717; x_wconf 89' lang='lat' dir='ltr'>habeamus,</span> <span class='ocrx_word' id='word_1_119' title='bbox 528 1644 737 1722; x_wconf 89' lang='lat' dir='ltr'>Sittianamque</span> <span class='ocrx_word' id='word_1_120' title='bbox 756 1646 951 1723; x_wconf 86' lang='lat' dir='ltr'>syngrapham</span> <span class='ocrx_word' id='word_1_121' title='bbox 969 1648 1020 1706; x_wconf 92' lang='lat' dir='ltr'>tibi</span> <span class='ocrx_word' id='word_1_122' title='bbox 1035 1667 1116 1708; x_wconf 89' lang='lat' dir='ltr'>com-</span> 
     </span>
     <span class='ocr_line' id='line_1_16' title="bbox 170 1741 1115 1825; baseline 0.004 -25"><span class='ocrx_word' id='word_1_123' title='bbox 170 1743 302 1825; x_wconf 51' lang='lat' dir='ltr'>mendo„</span> <span class='ocrx_word' id='word_1_124' title='bbox 339 1741 488 1799; x_wconf 87' lang='lat' dir='ltr'>Libertum</span> <span class='ocrx_word' id='word_1_125' title='bbox 516 1741 670 1800; x_wconf 91' lang='lat' dir='ltr'>Philonem</span> <span class='ocrx_word' id='word_1_126' title='bbox 698 1744 773 1803; x_wconf 92' lang='lat' dir='ltr'>istoc</span> <span class='ocrx_word' id='word_1_127' title='bbox 800 1745 866 1804; x_wconf 92' lang='lat' dir='ltr'>misi</span> <span class='ocrx_word' id='word_1_128' title='bbox 892 1754 922 1803; x_wconf 89' lang='lat' dir='ltr'>et</span> <span class='ocrx_word' id='word_1_129' title='bbox 949 1743 1115 1821; x_wconf 90' lang='lat' dir='ltr'>Diogenem</span> 
     </span>
     <span class='ocr_line' id='line_1_17' title="bbox 172 1840 1115 1914; baseline 0.003 -15"><span class='ocrx_word' id='word_1_130' title='bbox 172 1840 326 1910; x_wconf 89' lang='lat' dir='ltr'>Graecum,</span> <span class='ocrx_word' id='word_1_131' title='bbox 355 1840 460 1914; x_wconf 92' lang='lat' dir='ltr'>quihus</span> <span class='ocrx_word' id='word_1_132' title='bbox 487 1841 624 1898; x_wconf 87' lang='lat' dir='ltr'>mandata</span> <span class='ocrx_word' id='word_1_133' title='bbox 651 1849 680 1899; x_wconf 92' lang='lat' dir='ltr'>et</span> <span class='ocrx_word' id='word_1_134' title='bbox 707 1842 812 1902; x_wconf 90' lang='lat' dir='ltr'>litteras</span> <span class='ocrx_word' id='word_1_135' title='bbox 836 1843 874 1901; x_wconf 88' lang='lat' dir='ltr'>ad</span> <span class='ocrx_word' id='word_1_136' title='bbox 898 1853 926 1901; x_wconf 91' lang='lat' dir='ltr'>te</span> <span class='ocrx_word' id='word_1_137' title='bbox 950 1843 1035 1902; x_wconf 92' lang='lat' dir='ltr'>dedi:</span> <span class='ocrx_word' id='word_1_138' title='bbox 1064 1862 1115 1902; x_wconf 91' lang='lat' dir='ltr'>eos</span> 
     </span>
     <span class='ocr_line' id='line_1_18' title="bbox 170 1938 1114 2013; baseline 0.003 -18"><span class='ocrx_word' id='word_1_139' title='bbox 170 1939 223 1996; x_wconf 92' lang='lat' dir='ltr'>tibi</span> <span class='ocrx_word' id='word_1_140' title='bbox 249 1947 279 1995; x_wconf 90' lang='lat' dir='ltr'>et</span> <span class='ocrx_word' id='word_1_141' title='bbox 305 1955 376 2007; x_wconf 89' lang='lat' dir='ltr'>rem,</span> <span class='ocrx_word' id='word_1_142' title='bbox 405 1938 441 1994; x_wconf 93' lang='lat' dir='ltr'>de</span> <span class='ocrx_word' id='word_1_143' title='bbox 471 1956 528 2013; x_wconf 88' lang='lat' dir='ltr'>qua</span> <span class='ocrx_word' id='word_1_144' title='bbox 555 1939 628 2009; x_wconf 89' lang='lat' dir='ltr'>misi,</span> <span class='ocrx_word' id='word_1_145' title='bbox 650 1939 736 1997; x_wconf 79' lang='lat' dir='ltr'>veHm</span> <span class='ocrx_word' id='word_1_146' title='bbox 764 1957 849 1998; x_wconf 90' lang='lat' dir='ltr'>curae</span> <span class='ocrx_word' id='word_1_147' title='bbox 875 1939 1000 2012; x_wconf 90' lang='lat' dir='ltr'>habeas;</span> <span class='ocrx_word' id='word_1_148' title='bbox 1035 1959 1114 2009; x_wconf 90' lang='lat' dir='ltr'>nam,</span> 
     </span>
     <span class='ocr_line' id='line_1_19' title="bbox 172 2032 1117 2114; baseline 0.005 -21"><span class='ocrx_word' id='word_1_149' title='bbox 172 2054 260 2112; x_wconf 88' lang='lat' dir='ltr'>quam</span> <span class='ocrx_word' id='word_1_150' title='bbox 281 2032 466 2092; x_wconf 90' lang='lat' dir='ltr'>vehementer</span> <span class='ocrx_word' id='word_1_151' title='bbox 486 2035 524 2093; x_wconf 91' lang='lat' dir='ltr'>ad</span> <span class='ocrx_word' id='word_1_152' title='bbox 546 2053 594 2094; x_wconf 91' lang='lat' dir='ltr'>me</span> <span class='ocrx_word' id='word_1_153' title='bbox 617 2037 766 2113; x_wconf 90' lang='lat' dir='ltr'>pertineat,</span> <span class='ocrx_word' id='word_1_154' title='bbox 789 2037 820 2095; x_wconf 92' lang='lat' dir='ltr'>in</span> <span class='ocrx_word' id='word_1_155' title='bbox 842 2037 885 2109; x_wconf 88' lang='lat' dir='ltr'>iis,</span> <span class='ocrx_word' id='word_1_156' title='bbox 908 2055 980 2114; x_wconf 90' lang='lat' dir='ltr'>quas</span> <span class='ocrx_word' id='word_1_157' title='bbox 1002 2037 1054 2097; x_wconf 92' lang='lat' dir='ltr'>tibi</span> <span class='ocrx_word' id='word_1_158' title='bbox 1076 2039 1117 2098; x_wconf 89' lang='lat' dir='ltr'>illi</span> 
     </span>
     <span class='ocr_line' id='line_1_20' title="bbox 171 2131 577 2210; baseline 0.002 -18"><span class='ocrx_word' id='word_1_159' title='bbox 171 2132 302 2204; x_wconf 88' lang='lat' dir='ltr'>reddent,</span> <span class='ocrx_word' id='word_1_160' title='bbox 316 2132 414 2190; x_wconf 91' lang='lat' dir='ltr'>litteris</span> <span class='ocrx_word' id='word_1_161' title='bbox 429 2131 577 2210; x_wconf 90' lang='lat' dir='ltr'>descripsi.</span> 
     </span>
    </p>
   </div>
   <div class='ocr_carea' id='block_1_4' title="bbox 298 2304 992 2372">
    <p class='ocr_par' dir='ltr' id='par_1_4' title="bbox 298 2304 992 2372">
     <span class='ocr_line' id='line_1_21' title="bbox 298 2304 992 2372; baseline 0.01 -8"><span class='ocrx_word' id='word_1_162' title='bbox 298 2309 346 2364; x_wconf 83' lang='lat'>35.</span> <span class='ocrx_word' id='word_1_163' title='bbox 387 2304 452 2363; x_wconf 88' lang='lat' dir='ltr'>AD</span> <span class='ocrx_word' id='word_1_164' title='bbox 483 2305 812 2366; x_wconf 87' lang='lat' dir='ltr'>FAMILIARES</span> <span class='ocrx_word' id='word_1_165' title='bbox 844 2307 992 2372; x_wconf 69' lang='lat' dir='ltr'>Vilio.</span> 
     </span>
    </p>
   </div>
   <div class='ocr_carea' id='block_1_5' title="bbox 357 2418 925 2588">
    <p class='ocr_par' dir='ltr' id='par_1_5' title="bbox 357 2418 925 2588">
     <span class='ocr_line' id='line_1_22' title="bbox 357 2418 925 2500; baseline 0.011 -22"><span class='ocrx_word' id='word_1_166' title='bbox 357 2418 423 2479; x_wconf 84' lang='lat' dir='ltr'>Sor.</span> <span class='ocrx_word' id='word_1_167' title='bbox 445 2439 539 2479; x_wconf 81' lang='lat' dir='ltr'>ususr</span> <span class='ocrx_word' id='word_1_168' title='bbox 560 2421 731 2482; x_wconf 75' lang='lat' dir='ltr'>Frarutnro</span> <span class='ocrx_word' id='word_1_169' title='bbox 751 2441 833 2483; x_wconf 69' lang='lat' dir='ltr'>nuc.</span> <span class='ocrx_word' id='word_1_170' title='bbox 857 2436 925 2500; x_wconf 80' lang='lat'><strong>704.</strong></span> 
     </span>
     <span class='ocr_line' id='line_1_23' title="bbox 449 2544 823 2588; baseline 0.011 -4"><span class='ocrx_word' id='word_1_171' title='bbox 449 2544 589 2586; x_wconf 60' lang='lat' dir='ltr'>ciamus</span> <span class='ocrx_word' id='word_1_172' title='bbox 609 2546 742 2587; x_wconf 80' lang='lat' dir='ltr'>crcrnom</span> <span class='ocrx_word' id='word_1_173' title='bbox 761 2546 823 2588; x_wconf 72' lang='lat' dir='ltr'>sar„</span> 
     </span>
    </p>
   </div>
   <div class='ocr_carea' id='block_1_6' title="bbox 94 2633 1120 3500">
    <p class='ocr_par' dir='ltr' id='par_1_6' title="bbox 94 2633 1120 3500">
     <span class='ocr_line' id='line_1_24' title="bbox 218 2633 1119 2715; baseline 0.007 -21"><span class='ocrx_word' id='word_1_174' title='bbox 218 2654 243 2694; x_wconf 91' lang='lat'>1.</span> <span class='ocrx_word' id='word_1_175' title='bbox 265 2633 335 2695; x_wconf 85' lang='lat' dir='ltr'>Nou</span> <span class='ocrx_word' id='word_1_176' title='bbox 362 2634 462 2694; x_wconf 90' lang='lat' dir='ltr'>dubito</span> <span class='ocrx_word' id='word_1_177' title='bbox 490 2637 561 2711; x_wconf 90' lang='lat' dir='ltr'>quin</span> <span class='ocrx_word' id='word_1_178' title='bbox 588 2637 730 2714; x_wconf 87' lang='lat' dir='ltr'>perlatum</span> <span class='ocrx_word' id='word_1_179' title='bbox 757 2638 795 2696; x_wconf 88' lang='lat' dir='ltr'>ad</span> <span class='ocrx_word' id='word_1_180' title='bbox 822 2648 852 2697; x_wconf 89' lang='lat' dir='ltr'>te</span> <span class='ocrx_word' id='word_1_181' title='bbox 878 2638 922 2709; x_wconf 88' lang='lat' dir='ltr'>sit,</span> <span class='ocrx_word' id='word_1_182' title='bbox 945 2637 1076 2715; x_wconf 88' lang='lat' dir='ltr'>Appium</span> <span class='ocrx_word' id='word_1_183' title='bbox 1100 2659 1119 2700; x_wconf 89' lang='lat' dir='ltr'>a</span> 
     </span>
     <span class='ocr_line' id='line_1_25' title="bbox 173 2731 1119 2811; baseline 0.004 -20"><span class='ocrx_word' id='word_1_184' title='bbox 173 2732 325 2791; x_wconf 88' lang='lat' dir='ltr'>Dolabella</span> <span class='ocrx_word' id='word_1_185' title='bbox 345 2750 426 2790; x_wconf 90' lang='lat' dir='ltr'>reum</span> <span class='ocrx_word' id='word_1_186' title='bbox 448 2731 564 2805; x_wconf 84' lang='lat' dir='ltr'>factum,</span> <span class='ocrx_word' id='word_1_187' title='bbox 586 2752 655 2792; x_wconf 93' lang='lat' dir='ltr'>sane</span> <span class='ocrx_word' id='word_1_188' title='bbox 676 2753 764 2810; x_wconf 91' lang='lat' dir='ltr'>quam</span> <span class='ocrx_word' id='word_1_189' title='bbox 788 2753 850 2793; x_wconf 90' lang='lat' dir='ltr'>non</span> <span class='ocrx_word' id='word_1_190' title='bbox 877 2753 920 2805; x_wconf 87' lang='lat' dir='ltr'>ea,</span> <span class='ocrx_word' id='word_1_191' title='bbox 942 2754 1001 2811; x_wconf 93' lang='lat' dir='ltr'>qua</span> <span class='ocrx_word' id='word_1_192' title='bbox 1020 2739 1119 2797; x_wconf 88' lang='lat' dir='ltr'>existi-</span> 
     </span>
     <span class='ocr_line' id='line_1_26' title="bbox 173 2830 1118 2909; baseline 0.006 -22"><span class='ocrx_word' id='word_1_193' title='bbox 173 2847 328 2900; x_wconf 89' lang='lat' dir='ltr'>maveram,</span> <span class='ocrx_word' id='word_1_194' title='bbox 343 2830 464 2887; x_wconf 90' lang='lat' dir='ltr'>invidia:</span> <span class='ocrx_word' id='word_1_195' title='bbox 486 2833 678 2907; x_wconf 88' lang='lat' dir='ltr'>nequeenim</span> <span class='ocrx_word' id='word_1_196' title='bbox 698 2833 781 2890; x_wconf 91' lang='lat' dir='ltr'>stulte</span> <span class='ocrx_word' id='word_1_197' title='bbox 799 2833 914 2908; x_wconf 89' lang='lat' dir='ltr'>Appius</span> <span class='ocrx_word' id='word_1_198' title='bbox 924 2851 933 2904; x_wconf 89' lang='lat'>;</span> <span class='ocrx_word' id='word_1_199' title='bbox 955 2834 1012 2909; x_wconf 89' lang='lat' dir='ltr'>qui,</span> <span class='ocrx_word' id='word_1_200' title='bbox 1032 2836 1118 2894; x_wconf 91' lang='lat' dir='ltr'>simul</span> 
     </span>
     <span class='ocr_line' id='line_1_27' title="bbox 173 2926 1118 3002; baseline 0.003 -16"><span class='ocrx_word' id='word_1_201' title='bbox 173 2939 261 3002; x_wconf 90' lang='lat' dir='ltr'>atque</span> <span class='ocrx_word' id='word_1_202' title='bbox 280 2926 432 2985; x_wconf 86' lang='lat' dir='ltr'>Dolabella</span> <span class='ocrx_word' id='word_1_203' title='bbox 451 2931 573 2999; x_wconf 82' lang='lat' dir='ltr'>accessit</span> <span class='ocrx_word' id='word_1_204' title='bbox 592 2930 629 2988; x_wconf 88' lang='lat' dir='ltr'>ad</span> <span class='ocrx_word' id='word_1_205' title='bbox 648 2930 781 3000; x_wconf 89' lang='lat' dir='ltr'>tribunal,</span> <span class='ocrx_word' id='word_1_206' title='bbox 798 2930 945 2988; x_wconf 88' lang='lat' dir='ltr'>introierat</span> <span class='ocrx_word' id='word_1_207' title='bbox 964 2932 995 2989; x_wconf 89' lang='lat' dir='ltr'>in</span> <span class='ocrx_word' id='word_1_208' title='bbox 1016 2933 1118 2991; x_wconf 90' lang='lat' dir='ltr'>urbem</span> 
     </span>
     <span class='ocr_line' id='line_1_28' title="bbox 172 3023 1119 3103; baseline 0.006 -24"><span class='ocrx_word' id='word_1_209' title='bbox 172 3023 366 3099; x_wconf 89' lang='lat' dir='ltr'>triumphique</span> <span class='ocrx_word' id='word_1_210' title='bbox 392 3026 616 3100; x_wconf 89' lang='lat' dir='ltr'>postulationem</span> <span class='ocrx_word' id='word_1_211' title='bbox 642 3026 793 3096; x_wconf 86' lang='lat' dir='ltr'>abiecerat,</span> <span class='ocrx_word' id='word_1_212' title='bbox 816 3044 876 3103; x_wconf 93' lang='lat' dir='ltr'>quo</span> <span class='ocrx_word' id='word_1_213' title='bbox 900 3027 978 3085; x_wconf 89' lang='lat' dir='ltr'>facto</span> <span class='ocrx_word' id='word_1_214' title='bbox 1003 3029 1119 3087; x_wconf 88' lang='lat' dir='ltr'>rettudit</span> 
     </span>
     <span class='ocr_line' id='line_1_29' title="bbox 173 3122 1119 3199; baseline 0.005 -20"><span class='ocrx_word' id='word_1_215' title='bbox 173 3138 322 3179; x_wconf 88' lang='lat' dir='ltr'>sermones</span> <span class='ocrx_word' id='word_1_216' title='bbox 347 3122 528 3198; x_wconf 88' lang='lat' dir='ltr'>paratiorque</span> <span class='ocrx_word' id='word_1_217' title='bbox 553 3123 630 3180; x_wconf 92' lang='lat' dir='ltr'>visus</span> <span class='ocrx_word' id='word_1_218' title='bbox 655 3132 705 3192; x_wconf 91' lang='lat' dir='ltr'>est,</span> <span class='ocrx_word' id='word_1_219' title='bbox 730 3141 818 3198; x_wconf 89' lang='lat' dir='ltr'>quam</span> <span class='ocrx_word' id='word_1_220' title='bbox 843 3134 1006 3199; x_wconf 89' lang='lat' dir='ltr'>speraverat</span> <span class='ocrx_word' id='word_1_221' title='bbox 1033 3143 1119 3184; x_wconf 89' lang='lat' dir='ltr'>accu-</span> 
     </span>
     <span class='ocr_line' id='line_1_30' title="bbox 173 3217 1119 3295; baseline 0.005 -19"><span class='ocrx_word' id='word_1_222' title='bbox 173 3228 257 3276; x_wconf 90' lang='lat' dir='ltr'>sator.</span> <span class='ocrx_word' id='word_1_223' title='bbox 300 3217 331 3277; x_wconf 93' lang='lat' dir='ltr'>Is</span> <span class='ocrx_word' id='word_1_224' title='bbox 354 3220 482 3277; x_wconf 88' lang='lat' dir='ltr'>nuncin</span> <span class='ocrx_word' id='word_1_225' title='bbox 503 3228 531 3278; x_wconf 91' lang='lat' dir='ltr'>te</span> <span class='ocrx_word' id='word_1_226' title='bbox 553 3220 709 3277; x_wconf 81' lang='lat' dir='ltr'>maximam</span> <span class='ocrx_word' id='word_1_227' title='bbox 735 3238 818 3295; x_wconf 88' lang='lat' dir='ltr'>spem</span> <span class='ocrx_word' id='word_1_228' title='bbox 839 3219 935 3280; x_wconf 92' lang='lat' dir='ltr'>habet.</span> <span class='ocrx_word' id='word_1_229' title='bbox 977 3221 1045 3282; x_wconf 90' lang='lat' dir='ltr'>Scio</span> <span class='ocrx_word' id='word_1_230' title='bbox 1069 3224 1119 3281; x_wconf 90' lang='lat' dir='ltr'>tibi</span> 
     </span>
     <span class='ocr_line' id='line_1_31' title="bbox 174 3319 1120 3396; baseline 0.005 -23"><span class='ocrx_word' id='word_1_231' title='bbox 174 3336 241 3374; x_wconf 92' lang='lat' dir='ltr'>eum</span> <span class='ocrx_word' id='word_1_232' title='bbox 265 3335 326 3375; x_wconf 88' lang='lat' dir='ltr'>non</span> <span class='ocrx_word' id='word_1_233' title='bbox 351 3337 414 3377; x_wconf 91' lang='lat' dir='ltr'>esse</span> <span class='ocrx_word' id='word_1_234' title='bbox 437 3319 525 3377; x_wconf 91' lang='lat' dir='ltr'>odio:</span> <span class='ocrx_word' id='word_1_235' title='bbox 556 3337 643 3395; x_wconf 87' lang='lat' dir='ltr'>quam</span> <span class='ocrx_word' id='word_1_236' title='bbox 668 3319 737 3376; x_wconf 89' lang='lat' dir='ltr'>velis</span> <span class='ocrx_word' id='word_1_237' title='bbox 763 3337 830 3376; x_wconf 90' lang='lat' dir='ltr'>eum</span> <span class='ocrx_word' id='word_1_238' title='bbox 855 3320 990 3396; x_wconf 90' lang='lat' dir='ltr'>obligare,</span> <span class='ocrx_word' id='word_1_239' title='bbox 1015 3323 1045 3378; x_wconf 92' lang='lat' dir='ltr'>in</span> <span class='ocrx_word' id='word_1_240' title='bbox 1069 3331 1120 3380; x_wconf 88' lang='lat' dir='ltr'>tua</span> 
     </span>
     <span class='ocr_line' id='line_1_32' title="bbox 94 3416 1119 3500; baseline 0.01 -32"><span class='ocrx_word' id='word_1_241' title='bbox 94 3486 98 3493; x_wconf 91' lang='lat'>.</span> <span class='ocrx_word' id='word_1_242' title='bbox 117 3463 121 3500; x_wconf 59' lang='lat'><em>3</em></span> <span class='ocrx_word' id='word_1_243' title='bbox 151 3433 261 3472; x_wconf 17' lang='lat' dir='ltr'>*manu</span> <span class='ocrx_word' id='word_1_244' title='bbox 279 3425 337 3490; x_wconf 89' lang='lat' dir='ltr'>est;</span> <span class='ocrx_word' id='word_1_245' title='bbox 360 3434 426 3475; x_wconf 87' lang='lat' dir='ltr'>cum</span> <span class='ocrx_word' id='word_1_246' title='bbox 449 3434 508 3494; x_wconf 92' lang='lat' dir='ltr'>quo</span> <span class='ocrx_word' id='word_1_247' title='bbox 526 3418 557 3474; x_wconf 81' lang='lat' dir='ltr'>si</span> <span class='ocrx_word' id='word_1_248' title='bbox 573 3416 701 3475; x_wconf 89' lang='lat' dir='ltr'>simultas</span> <span class='ocrx_word' id='word_1_249' title='bbox 720 3417 771 3474; x_wconf 89' lang='lat' dir='ltr'>tibi</span> <span class='ocrx_word' id='word_1_250' title='bbox 792 3435 853 3476; x_wconf 90' lang='lat' dir='ltr'>non</span> <span class='ocrx_word' id='word_1_251' title='bbox 873 3417 983 3492; x_wconf 85' lang='lat' dir='ltr'>fuisset,</span> <span class='ocrx_word' id='word_1_252' title='bbox 1002 3419 1119 3478; x_wconf 88' lang='lat' dir='ltr'>liberius</span> 
     </span>
    </p>
   </div>
   <div class='ocr_carea' id='block_1_7' title="bbox 0 0 1184 3788">
    <p class='ocr_par' dir='ltr' id='par_1_7' title="bbox 0 0 1184 3788">
     <span class='ocr_line' id='line_1_33' title="bbox 0 0 1184 3788; baseline 0 0"><span class='ocrx_word' id='word_1_253' title='bbox 0 0 1184 3788; x_wconf 95' lang='lat' dir='ltr'> </span> 
     </span>
    </p>
   </div>
  </div>
 </body>
</html>
