2348 3788
120 197 185 260 280
266 206 305 255 u.
324 207 355 255 a
372 207 561 255 cronnonrs
574 207 628 254 aa
645 206 695 254 aa
710 205 797 256 ran.
813 206 846 256 r.
868 210 920 272 24

118 366 145 422 6.
173 361 409 441 Sed—quicquid
431 365 482 422 tibi
504 365 608 434 scribo,
630 362 762 422 dolenter
781 358 948 421 mehercule
968 362 1064 437 magis

119 478 207 538 quam
231 462 346 519 inimice
371 461 569 537 facio-quod
593 462 660 518 vivit
686 462 833 519 Antonius
859 459 957 529 hodie,
982 457 1066 534 quod

118 559 248 633 Lepidus
271 575 331 615 una
354 568 406 627 est,
432 560 511 633 quod
540 559 681 616 exercitus
709 559 818 617 habent
842 575 903 615 non
931 571 1066 615 contem·

118 657 241 724 nendos,
256 654 336 730 quod
351 666 476 730 sperant,
490 656 572 730 quod
586 656 702 728 audent,
717 674 806 714 omne
821 652 940 715 Caesari
960 671 1066 728 accep

118 766 179 810 turn
193 751 303 809 referre·
312 762 445 826 possunt
487 751 592 828 Neque
605 769 663 828 ego
678 755 828 829 superiora
840 763 972 828 repetam
980 771 989 822 ;
1014 749 1066 808 sed

119 865 155 906 ex
175 866 211 906 eo
231 858 370 923 tempore,
386 865 446 924 quo
465 849 529 924 ipse
547 849 617 906 mihi
637 850 790 924 professus
804 860 849 908 est
868 868 900 908 se
921 847 1065 918 venire,si

119 947 215 1003 venire
234 946 379 1015 voluisset,
397 957 445 1004 aut
464 964 637 1022 oppressum
658 949 717 1004 iam
737 949 845 1006 bellum
867 957 945 1006 esset
965 946 1066 1004 autin

120 1042 328 1100 aversissimam
342 1042 396 1100 illis
411 1042 584 1118 Hispaniam
598 1062 665 1101 cum
680 1044 852 1103 detrimento
866 1061 968 1102 eorum
983 1061 1066 1100 max·

119 1142 180 1196 imo
195 1149 349 1198 extrusum.
392 1139 478 1212 Quae
494 1156 578 1198 mens
597 1159 673 1211 eum,
688 1152 738 1200 aut
757 1158 883 1218 quorum
902 1141 1034 1208 consilia,
1049 1160 1067 1196 a

120 1248 200 1294 tauta
213 1238 313 1313 gloria,
328 1237 383 1296 sibi
397 1255 465 1294 vero
480 1238 567 1295 etiam
581 1240 743 1296 necessaria
756 1258 791 1298 ac
805 1239 928 1308 salutari,
939 1239 1066 1295 avocarit

121 1346 150 1392 et
178 1335 215 1392 ad
243 1335 448 1410 cogitationem
476 1335 643 1394 consulatus
669 1337 818 1395 bimestris
847 1351 964 1395 summo
998 1352 1066 1393 cum

121 1444 228 1490 tenore
242 1431 393 1488 hominum
407 1442 437 1488 et
450 1431 561 1489 insulsa·
571 1450 639 1488 cum
658 1432 861 1508 efflagitatione
879 1433 1065 1501 transtulerit,

122 1539 260 1602 exputare
274 1546 334 1587 non
349 1544 478 1604 possum.
515 1541 542 1600 p.
557 1527 684 1585 Multum
697 1531 727 1586 in
740 1529 795 1587 hac
808 1548 839 1588 re
852 1529 923 1586 mihi
933 1530 1068 1589 videntur

123 1625 277 1683 necessarii
301 1626 363 1682 eius
383 1633 412 1682 et
432 1625 472 1681 rei
493 1625 625 1700 publicae
647 1636 676 1684 et
696 1627 787 1702 ipsius
810 1645 898 1685 causa
922 1628 1066 1703 proficere

121 1740 208 1796 posse
215 1741 224 1792 ;
253 1722 417 1797 plurimum,
441 1732 472 1779 ut
497 1733 577 1797 puto,
602 1734 634 1780 tu
658 1741 784 1798 quoque,
809 1725 891 1782 cuius
914 1725 961 1782 ille
985 1737 1068 1783 tanta

123 1821 224 1878 merita
238 1821 333 1890 habet,
349 1829 457 1895 quanta
475 1836 565 1877 nemo
583 1833 696 1895 praeter
715 1839 763 1878 me
773 1840 781 1893 ;
804 1838 965 1897 numquam
985 1825 1065 1881 enim

58 1920 61 1925 ’
122 1920 273 1977 obliviscar
294 1920 421 1976 maxima
441 1936 475 1975 ac
498 1918 624 1993 plurima
646 1937 694 1976 me
717 1919 768 1976 tibi
793 1921 906 1978 debere.
949 1920 996 1978 De
1022 1923 1066 1981 his

122 2021 208 2077 rebus
232 2028 264 2075 ut
287 2020 415 2092 exigeret
439 2035 506 2075 cum
530 2034 576 2087 e0,
597 2016 705 2075 Furnio
729 2017 873 2076 mandavi.
916 2017 1008 2090 Quod
1034 2023 1066 2092 si,

124 2128 262 2192 quantam
287 2115 389 2184 debeo,
411 2115 540 2172 habuero
560 2115 639 2189 apud
659 2131 726 2171 eum
747 2116 955 2187 auctoritatem,
978 2118 1066 2192 pluri·

123 2233 203 2271 mum
224 2215 320 2289 ipsum
340 2213 447 2270 iuvero.
490 2213 517 2269 8.
542 2209 606 2268 Nos
627 2212 734 2268 interea
754 2211 868 2269 duriore
890 2213 1067 2274 condicione

122 2312 230 2369 bellum
263 2311 446 2379 sustinemus,
473 2307 553 2385 quod
583 2326 679 2383 neque
706 2309 953 2384 expeditissimam
982 2313 1068 2370 dimi·

122 2411 268 2468 cationem
288 2418 424 2484 putamus
445 2425 539 2482 neque
564 2415 662 2462 tamen
686 2405 856 2481 refugiendo
881 2410 1067 2470 commissuri
1090 2452 1093 2457 ,

123 2525 231 2570 sumna
246 2515 278 2562 ut
296 2506 389 2563 maius
408 2505 611 2561 detrimentum
629 2521 675 2561 res
689 2504 809 2579 publica
819 2505 950 2580 accipere
966 2510 1067 2581 possit

124 2602 251 2673 Quodsi
271 2611 320 2659 aut
339 2600 448 2660 Caesar
467 2618 499 2658 se
517 2600 676 2675 respexerit
695 2610 744 2658 aut
762 2599 915 2659 Africanae
934 2602 1070 2678 legiones

123 2701 252 2760 celeriter
274 2699 410 2768 venerint,
433 2714 550 2755 securos
574 2715 627 2755 vos
652 2699 689 2755 ab
714 2698 769 2756 hac
793 2709 873 2774 parte
901 2701 1069 2762 reddemus.

123 2798 181 2869 Tu,
195 2808 227 2856 ut
246 2795 399 2867 instituisti,
414 2813 462 2853 me
483 2795 585 2871 diligas
606 2813 681 2871 rogo
703 2797 877 2874 proprieque
898 2807 983 2856 tuum
1004 2818 1071 2861 esse

122 2898 174 2954 tibi
189 2893 370 2974 persuadeas.
410 2890 450 2952 V.
465 2891 532 2952 Καὶ
547 2892 627 2953 Sext.
642 2910 679 2951 ex
694 2893 804 2953 castris.
