2356 3810
116 189 160 251 ap.
178 169 247 261 na]
305 185 417 234 rerer.
440 185 489 233 nn
510 183 733 233 rnnrrrnnas
754 185 787 232 x.
811 188 862 249 24.
901 204 904 207 ·
996 185 1060 252 279

116 344 229 414 cabam,
251 341 365 408 deinde,
387 341 467 418 quod
488 341 526 401 ad
547 360 650 400 omnes
675 359 759 400 casus
783 340 999 399 coniunctiores
1020 342 1061 399 rei

115 441 251 516 publicae
272 457 337 498 esse
357 439 499 510 volebam,
521 439 686 509 novissime,
708 449 740 496 ut
761 439 798 496 ab
823 438 904 495 omni
928 439 1061 496 omnium

116 537 319 596 sollicitatione
343 554 459 594 aversos
484 554 535 594 eos
559 536 629 593 tales
654 537 737 594 vobis
763 544 907 611 praestare
931 554 1060 611 possem,

116 636 218 711 quales
238 634 332 693 adhuc
351 634 474 691 fuerunt.
514 653 540 707 3.
562 633 627 691 Nos
648 633 742 691 adhuc
764 634 811 692 hic
832 634 932 692 omnia
946 635 1062 709 ¹integra

86 794 88 797 .
116 732 314 791 sustinuimus,
356 730 446 802 Quod
473 731 625 789 consilium
653 740 795 799 nostrum,
817 731 870 790 etsi
892 741 1004 807 quanta.
1024 731 1061 788 sit

116 830 237 889 aviditas
258 830 413 887 hominum
433 847 494 887 non
516 829 578 887 sine
600 847 688 887 causa
708 833 727 896 †
746 829 809 887 talis
830 831 964 887 victoriae
990 829 1061 898 sci0‚

116 937 216 986 tamen
236 927 319 984 vobis
342 927 458 1002 probari
480 944 574 1002 spero,
617 925 687 984 Non
710 927 796 995 enim,
819 926 843 984 si
868 926 938 1001 quid
962 925 992 983 in
1016 925 1062 983 his

116 1025 289 1083 exercitibus
304 1026 340 1081 sit
353 1023 508 1093 offensum,
523 1042 631 1098 magna
645 1024 773 1082 subsidia
787 1042 833 1081 res
847 1024 962 1099 publica
975 1022 1062 1081 habet

116 1122 260 1197 expedita,
276 1121 380 1197 quibus
395 1121 490 1178 subito
504 1120 614 1197 impetu
629 1139 664 1179 ac
684 1121 835 1179 latrocinio
853 1120 1060 1197 parricidarum

116 1220 239 1278 resistat.
280 1217 390 1295 Copias
404 1235 472 1275 vero
487 1228 600 1276 nostras
617 1227 701 1276 notas
716 1218 767 1275 tibi
787 1236 852 1276 esse
871 1219 1007 1276 arbitror:
1030 1219 1061 1276 in

117 1316 217 1374 castris
231 1315 304 1373 meis
318 1315 448 1389 legiones
462 1323 529 1372 sunt
540 1325 694 1371 veteranae
708 1323 773 1383 tres,
786 1315 912 1371 tironum
922 1313 967 1370 vel
980 1314 1061 1372 lucu·

116 1413 275 1471 lentissima
289 1431 326 1470 ex
340 1412 476 1470 omnibus
490 1430 566 1482 una;
586 1413 615 1469 in
634 1413 735 1470 castris
756 1412 836 1469 Bruti
855 1430 913 1469 una
926 1422 1061 1469 veterana

117 1512 202 1586 legio,
221 1511 310 1568 altera
329 1511 416 1578 bima,
434 1519 502 1567 octo
523 1511 667 1568 tironum:
688 1511 728 1567 ita
748 1511 898 1568 universus
918 1510 1059 1567 exercitus

117 1626 239 1666 numero
271 1607 466 1684 amplissimus
500 1617 552 1678 est,
579 1609 711 1666 firmitate
744 1608 882 1682 exiguus;
918 1617 1060 1681 quantum

117 1716 214 1764 autem
238 1705 268 1762 in
291 1705 353 1762 acie
377 1705 462 1761 tironi
487 1705 524 1762 sit
551 1706 801 1775 committendum,
823 1705 945 1762 nimium
973 1724 1061 1781 saepe

116 1813 268 1879 expertum
282 1801 432 1860 habemus.
475 1819 502 1873 4.
524 1801 573 1859 Ad
586 1802 643 1860 hoc
661 1802 749 1860 robur
766 1812 932 1860 nostrorum
951 1803 1060 1860 exerci-

115 1912 198 1958 tuum
227 1901 285 1958 sive
312 1899 466 1958 Africanus
494 1901 645 1971 exercitus
666 1901 716 1976 qui
744 1909 787 1958 est
814 1912 975 1969 veteranus,
1001 1901 1060 1957 sive

115 1998 249 2058 Caesaris
264 1998 440 2066 accessisset,
456 2015 550 2072 aequo
566 1999 663 2055 animo
679 2016 824 2055 summam
838 2016 899 2055 rem
915 1997 1060 2073 publicam

115 2097 145 2154 in
159 2095 314 2153 discrimen
330 2094 547 2152 deduceremus.
576 2094 734 2171 Aliquanto
750 2106 846 2152 autem
860 2096 979 2171 propius
994 2113 1059 2152 esse

115 2192 196 2270 quod
216 2191 373 2250 Caesarem
389 2191 566 2262 videbamus,
582 2193 651 2250 nihil
671 2192 764 2250 destiti
786 2210 853 2249 eum
874 2192 971 2249 litteris
992 2192 1059 2249 hor-

114 2291 177 2360 tari,
193 2308 287 2364 neque
307 2289 352 2346 ille
371 2290 524 2347 intermisit
541 2291 693 2348 adfirmare
711 2309 743 2348 se
764 2291 826 2348 sine
845 2308 929 2347 mora
941 2290 1038 2346 venire
1048 2309 1057 2361 ;

102 2405 183 2446 cum
206 2388 320 2444 interim
346 2405 476 2444 aversum
501 2386 582 2444 illum
606 2390 643 2446 ab
667 2388 722 2446 hac
748 2380 983 2463 cogitationead
1005 2387 1060 2445 alia

115 2485 236 2543 consilia
257 2484 341 2542 video
365 2503 396 2542 se
421 2485 586 2543 contulisse.
621 2485 687 2561 Ego
712 2496 810 2544 tamen
835 2486 872 2543 ad
898 2503 964 2543 eum
988 2484 1059 2541 Fur-

115 2583 197 2638 nium
225 2591 357 2639 nostrum
386 2598 453 2638 curn
480 2583 624 2640 mandatis
653 2584 811 2660 litterisque
838 2584 912 2653 misi,
937 2583 961 2640 si
989 2583 1060 2658 quid

115 2679 189 2736 forte
218 2679 358 2753 proficere
388 2687 496 2753 posset.
547 2694 573 2752 5.
607 2679 670 2738 Scis
700 2690 740 2749 tu,
769 2681 809 2738 mi
840 2679 951 2751 Cicero,
980 2679 1060 2755 quod

116 2778 154 2834 ad
179 2776 312 2834 Caesaris
340 2793 470 2833 amorem
498 2778 606 2849 attinet,
633 2779 800 2837 societatem
827 2778 898 2835 mihi
926 2797 990 2836 esse
1018 2788 1060 2835 te·

117 2891 201 2931 cum:
230 2873 275 2930 vel
299 2874 379 2948 quod
404 2874 434 2930 in
459 2873 647 2934 familiaritate
676 2875 809 2935 Caesaris
833 2877 897 2934 vivo
925 2877 973 2934 illo
1001 2877 1060 2935 iam

116 2972 189 3029 tueri
214 2990 282 3028 eum
305 2983 333 3028 et
358 2971 476 3051 diligere
497 2971 549 3030 fuit
571 2973 640 3030 mihi
661 2993 798 3045 necesse;
820 2974 864 3032 vel
886 2974 965 3050 quod
988 2975 1059 3050 ipse,

118 3069 217 3143 quoad
249 3086 305 3142 ego
338 3087 425 3126 nosse
457 3072 548 3146 potui,
581 3072 803 3129 moderatissimi
838 3084 924 3148 atque
959 3073 1060 3130 huma-

118 3165 230 3222 nissimi
259 3165 310 3222 luit
338 3184 456 3237 sensus;
485 3167 528 3224 vel
551 3169 630 3243 quod
653 3187 688 3226 ex
714 3179 784 3236 tam,
800 3171 907 3244 insigni
935 3172 1060 3228 amicitia

118 3282 186 3321 mea
205 3273 290 3338 atque
311 3262 442 3322 Caesaris
460 3265 537 3323 hunc
557 3267 605 3322 filii
624 3267 691 3324 loco
712 3276 740 3324 et
759 3267 832 3324 illius
854 3277 882 3324 et
902 3278 995 3326 vestro
1017 3269 1060 3326 iu-

120 3361 196 3419 dicio
211 3362 395 3419 substitutum
409 3380 470 3420 non
485 3363 607 3439 proinde
626 3363 732 3422 habere
751 3376 833 3440 turpe
853 3365 923 3422 mihi
941 3366 1059 3426 videtur.
