2356 3810
116 215 251 300 ap.5,6.]
349 227 460 279 uersu.
481 226 531 274 AD
552 227 723 277 arricum
739 229 763 279 r.
778 228 830 298 ⁴13.
1030 228 1059 298 ¹9

115 382 253 454 consilio
269 383 331 442 eius
359 384 516 460 animoque
541 385 570 442 in
595 403 643 443 me
667 383 865 442 inimicissimo
890 402 954 442 esse
978 400 1059 441 corn-

114 492 241 552 motum,
257 499 405 558 cognosce
420 501 499 540 nunc
513 482 722 541 humanitatem
737 500 842 551 meam,
858 482 882 540 si
896 481 1060 539 humanitas

115 579 293 654 appellanda
313 589 357 639 est
377 579 408 638 in
429 579 616 638 acerbissima
636 581 739 638 iniuria
760 580 893 660 remissio
915 579 1004 636 animi
1026 595 1060 635 ac

115 675 288 736 dissolutio:
314 676 394 735 nulla
417 688 461 736 est
484 696 502 736 a
523 695 571 735 me
593 695 733 753 umquam
758 677 899 735 sententia
927 676 1004 735 dicta
1030 676 1061 733 in

113 774 235 832 fratrem
249 783 347 844 tuum;
369 775 629 850 quotienscumque
646 774 754 849 aliquid
773 784 816 832 est
835 784 940 844 actum,
955 771 1060 831 sedens

114 873 150 929 iis
165 872 291 941 adsensi,
306 871 357 946 qui
375 870 446 928 mihi
465 872 610 929 lenissime
630 872 735 928 sentire
753 872 805 929 visi
827 881 900 929 sunt
944 870 1061 928 Addam

114 970 185 1028 illud
204 971 302 1039 etiarn,
316 969 397 1044 quod
416 969 475 1026 iam
494 985 551 1044 ego
573 986 672 1026 curare
692 986 753 1026 non
776 969 870 1037 debui,
890 969 942 1026 sed
963 979 1061 1025 tamen

114 1066 177 1124 fieri
198 1084 260 1125 non
280 1065 401 1124 moleste
422 1066 473 1123 tuli
495 1076 580 1141 atque
601 1067 697 1134 etiam,
711 1075 743 1122 ut
762 1066 801 1122 ita
819 1066 908 1135 fieret,
923 1083 976 1140 pro
995 1083 1062 1121 mea

115 1173 198 1240 parte
212 1163 317 1234 adiuvi,
332 1173 364 1221 ut
383 1164 474 1221 senati
493 1163 627 1222 consulto
645 1182 729 1222 meus
750 1164 891 1231 inimicus,
907 1165 975 1238 quia
995 1172 1061 1219 tuus

116 1261 204 1318 frater
222 1271 292 1330 erat,
308 1261 509 1318 sublevaretur.
554 1277 598 1317 10.
623 1259 735 1330 Quare
749 1278 810 1318 non
824 1277 881 1335 ego
896 1260 1062 1335 oppugnavi

116 1359 236 1416 fratrem
250 1369 339 1427 tuum,
350 1358 402 1416 sed
417 1357 494 1416 fratri
509 1367 559 1417 tuo
573 1358 740 1433 repugnavi,
750 1376 805 1416 nec
819 1357 850 1414 in
863 1366 900 1426 te,
910 1368 942 1415 ut
953 1357 1061 1427 scribis

117 1457 218 1515 animo
246 1454 287 1513 fui
314 1455 421 1526 mobili,
450 1456 503 1514 sed
529 1456 570 1513 ita
597 1456 699 1526 stabili,
724 1465 757 1514 ut
783 1456 814 1513 in
842 1473 909 1512 mea
936 1473 1006 1530 erga
1033 1463 1062 1511 te

117 1554 265 1612 voluntate
293 1553 380 1610 etiarn
408 1552 538 1611 desertus
565 1554 603 1610 ab
631 1553 734 1612 officiis
766 1554 822 1612 tuis
854 1569 1062 1629 permanerem,

117 1656 216 1728 Atque
238 1653 295 1712 hoc
316 1653 381 1728 ipso
402 1663 533 1729 tempore
553 1653 603 1710 tibi
625 1672 719 1729 paene
739 1654 882 1712 minitanti
903 1654 988 1711 nobis
1011 1670 1063 1728 per

118 1753 227 1810 litteras
241 1751 298 1809 hoc
313 1751 442 1808 rescribo
456 1761 542 1826 atque
556 1752 737 1828 respondeo:
757 1770 814 1826 ego
830 1751 922 1808 dolori
936 1762 987 1808 tuo
1001 1768 1063 1807 non

119 1850 216 1908 solum
230 1849 363 1925 ignoscO,
377 1848 430 1907 sed
444 1866 589 1906 summam
606 1849 693 1906 etiam
712 1849 827 1907 laudem
846 1849 958 1920 tribu03
980 1865 1063 1905 meus

119 1949 199 2007 enim
213 1964 261 2004 me
278 1964 391 2016 sensus,
406 1957 513 2022 quanta
533 1947 577 2005 vis
596 1946 712 2004 fraterni
731 1947 766 2005 sit
786 1947 901 2017 amoris,
916 1947 1062 2004 admonet.

118 2047 148 2104 A
168 2057 197 2104 te
218 2054 288 2121 peto
309 2054 341 2102 ut
362 2054 392 2102 tu
410 2062 527 2120 quoque
547 2063 672 2120 aequum
692 2055 720 2103 te
739 2045 864 2102 iudicem
884 2044 976 2102 dolori
996 2062 1063 2101 meo

118 2145 279 2221 praebeas;
302 2143 326 2201 si
341 2143 454 2213 acerbe,
468 2144 492 2200 si
506 2143 665 2214 crudeliter,
681 2144 705 2200 si
719 2144 781 2200 sine
795 2160 883 2200 causa
897 2160 962 2199 sum
977 2160 994 2198 a
1008 2143 1065 2198 tuis

119 2251 319 2318 oppugnatus,
328 2250 359 2298 ut
374 2250 481 2298 statuas
495 2240 566 2297 mihi
580 2258 642 2298 non
656 2241 746 2298 modo
758 2257 819 2297 non
830 2239 1002 2308 cedendum,
1013 2240 1066 2298 sed

118 2341 208 2398 etiam
227 2347 279 2396 tuo
298 2348 384 2413 atque
403 2338 545 2396 exercitus
563 2338 604 2395 tui
623 2339 729 2396 auxilio
748 2338 778 2395 in
797 2337 958 2396 eiusmodi
977 2355 1066 2394 causa

118 2436 261 2496 utendum
275 2435 371 2495 fuisse.
414 2435 480 2510 Ego
494 2445 523 2494 te
537 2436 607 2492 mihi
622 2453 737 2511 semper
751 2436 876 2494 amicum
893 2453 957 2492 esse
971 2436 1064 2506 volui;

118 2554 168 2594 me
178 2545 211 2592 ut
224 2533 276 2591 tibi
290 2533 496 2592 amicissimum
510 2552 574 2591 esse
589 2535 777 2608 intellegeres,
788 2534 924 2591 laboravi.
954 2532 1064 2591 Maneo

118 2635 150 2691 in
160 2631 308 2689 voluntate
319 2639 355 2700 et,
365 2630 463 2704 quoad
476 2630 556 2688 voles
570 2639 610 2701 tu,
619 2631 798 2706 permanebo
812 2632 951 2705 citiusque
966 2649 1065 2689 amore

117 2730 161 2794 tui
179 2729 299 2786 fratrem
316 2736 398 2784 tuum
418 2728 515 2786 odisse
538 2728 669 2786 desinam
691 2747 780 2803 quam
800 2728 873 2786 illius
893 2728 963 2786 odio
984 2727 1065 2804 quic-

117 2844 210 2906 quam
224 2825 261 2884 de
274 2835 375 2884 nostra
387 2824 589 2887 benevolentia
602 2824 760 2885 detraham.

365 3009 393 3064 6.
434 3007 491 3065 AD
512 3007 707 3066 ATTICUM
728 3008 751 3066 Ι.
777 3027 823 3084 13.

230 3111 297 3174 Sca.
319 3111 428 3172 Roman
449 3133 477 3172 n.
491 3133 518 3172 u.
540 3133 578 3173 v1.
600 3114 678 3173 KAL.
700 3115 768 3176 Fra.
790 3134 875 3176 nuc.
891 3118 958 3194 ⁶93·

438 3238 541 3279 c1cuno
561 3239 668 3280 arrrco
688 3239 750 3280 sar..

164 3343 189 3384 1.
213 3324 321 3384 Aecum
335 3335 399 3384 tuas
413 3334 471 3383 tres
486 3325 544 3383 iam
552 3327 710 3402 epistolas:
732 3345 821 3384 unam
835 3344 853 3385 a
867 3326 910 3385 M.
921 3328 1066 3400 Cornelio,

119 3437 212 3498 quam
227 3418 335 3478 Tribus
347 3420 498 3493 Tabernis
509 3429 539 3478 ut
554 3421 667 3496 opinor,
680 3422 706 3478 ei
721 3421 832 3489 dedisti,
843 3422 969 3493 alteram,
979 3441 1067 3502 quam
