2348 3788
117 203 226 286 rp.91.]
313 216 426 266 uersa.
449 216 498 263 AD
519 215 741 265 rimaranes
766 209 811 266 vr.
834 203 864 266 6.
1000 223 1058 289 199

116 374 233 432 fortuna
254 375 384 432 omnium
395 394 403 446 ;
432 375 545 447 deinde,
565 386 597 434 ut
617 376 648 433 in
669 395 734 434 eam
755 377 897 434 civitatem
917 376 989 434 boni
1009 378 1060 434 viri

117 483 146 529 et
167 473 238 530 boni
259 474 335 530 cive's
356 473 434 531 nulla
454 473 613 549 ignominia
634 475 724 532 notati
745 491 806 531 non
827 482 1011 543 revertantur,
1030 474 1060 530 in
1118 502 1120 507 ⁴

116 589 206 646 quarn
232 580 274 628 tot
296 570 471 628 nefariorum
496 572 636 629 scelerum
662 572 848 629 condemnati
875 581 1060 628 reverterunt.

121 687 165 725 12.
187 666 289 725 Habes
317 668 468 742 augurium
496 686 603 737 meum,
625 686 693 744 qu0,
715 667 830 744 siquid
852 668 1059 736 addubitarem,

116 783 179 822 non
194 766 290 840 potius
310 775 405 822 uterer
425 783 514 841 quam
532 765 579 822 illa
600 765 809 836 consolatione,
823 783 882 840 qua
901 765 982 822 facile
1002 765 1060 822 for·

116 875 177 922 tem
199 864 291 919 virum
315 871 521 921 sustentarem:
552 872 591 933 te,·
615 864 638 921 si
667 863 815 937 explorata
838 863 957 920 victoria
981 881 1061 920 arma

116 961 290 1036 sumpsisses
318 978 371 1035 pro
400 979 431 1018 re
459 960 661 1035 publica-ita
688 961 766 1017 enim
794 970 855 1016 tum
883 960 1060 1034 putabas-,

116 1076 178 1117 non
203 1059 289 1115 nimis
309 1075 372 1115 esse
394 1056 569 1114 laudandum
580 1075 589 1127 ;
611 1057 655 1114 sin
677 1067 796 1131 propter
820 1057 944 1114 incertos
967 1058 1061 1114 exitus

116 1165 294 1229 eventusque
332 1154 473 1211 bellorum
512 1171 600 1229 posse
634 1154 773 1223 accidere,
803 1162 836 1210 ut
873 1132 1060 1224 vinceremur,

117 1264 259 1331 putasses,
284 1270 344 1309 non
374 1251 480 1309 debere
507 1259 535 1308 te
560 1250 597 1308 ad
625 1250 783 1308 secundam
811 1250 956 1307 fortunam
984 1252 1062 1308 bene

116 1359 249 1428 paratum
271 1349 367 1418 fuisse,
385 1349 534 1406 adversam
556 1348 629 1405 ferre
647 1349 726 1406 nullo
746 1349 836 1406 modo
855 1366 952 1424 posse.
994 1348 1060 1407 Dis·

117 1461 250 1528 putarem
272 1448 366 1517 etiam,
389 1458 499 1522 quanto
521 1446 628 1504 solacio
654 1447 704 1504 tibi
726 1446 902 1505 conscientia
923 1447 963 1504 tui
984 1446 1060 1517 facti,

117 1557 243 1626 quantae
268 1544 450 1602 delectationi
473 1545 503 1600 in
527 1545 613 1602 rebus
636 1544 762 1602 adversis
786 1543 894 1602 litterae
923 1561 986 1601 esse
1010 1543 1061 1602 de·

117 1648 236 1716 berent;
257 1660 518 1702 commemorarem
536 1661 597 1700 non
617 1643 712 1700 solum
729 1652 867 1712 veterum,
888 1641 939 1700 sed
956 1641 1060 1699 homm

117 1745 205 1802 etiam
232 1742 391 1800 recentium
412 1739 457 1797 vel
485 1740 592 1798 ducum
616 1739 660 1796 vel
685 1740 825 1798 comitum
853 1750 970 1797 tuorum
996 1758 1061 1815 gra-

116 1842 250 1899 vissimos
286 1857 386 1908 casus;
423 1837 510 1894 etiam
545 1846 680 1894 externos
715 1837 822 1894 multos
857 1837 950 1895 claros
984 1839 1061 1895 viros

117 1939 316 2008 nominarem;
348 1935 422 1993 levat
445 1935 522 1992 enim
544 1934 674 1992 dolorem
695 1933 859 1991 communis
882 1934 964 2009 quasi
989 1934 1060 2010 legis

117 2046 145 2095 et
179 2036 322 2093 humanae
358 2033 536 2091 condicionis
571 2032 743 2090 recordatio.
803 2050 847 2105 13.
872 2019 1060 2106 Exponerem

116 2136 211 2204 etiam,
227 2152 313 2209 quem
335 2133 372 2190 ad
393 2133 516 2190 modum
537 2131 583 2189 hic
604 2141 633 2188 et
654 2140 763 2206 quanta
783 2131 814 2187 in
834 2131 917 2188 turba
938 2142 1059 2206 quanta·

116 2253 173 2310 que
197 2234 227 2289 in
253 2231 424 2289 confusione
453 2248 548 2287 rerum
572 2230 705 2287 omnium
729 2229 907 2300 viveremus;
939 2247 1060 2288 necesse

115 2343 159 2390 est
190 2331 268 2388 enim
298 2330 410 2385 minore
446 2327 588 2385 desiderio
615 2327 727 2401 perdita
757 2346 788 2385 re
819 2326 934 2402 publica
963 2345 1060 2385 carere

115 2447 204 2505 quam
231 2429 319 2485 bona.
363 2425 420 2483 Sed
448 2425 514 2491 hoc⁴
528 2443 635 2501 genere
663 2424 732 2481 nihil
757 2442 832 2500 opus
858 2433 918 2482 est:
949 2424 1060 2482 incolu-

115 2545 194 2584 mem
219 2536 247 2583 te
275 2527 342 2594 cito,
366 2533 398 2581 ut
425 2541 520 2598 spero,
546 2524 591 2580 vel
614 2511 719 2599 potius,
744 2533 776 2580 ut
804 2523 955 2598 perspicio,
981 2523 1060 2580 vide-

115 2626 218 2681 bimus.
262 2624 376 2680 Interea
400 2623 451 2680 tibi
475 2623 587 2679 absenti
608 2632 637 2679 et
661 2622 736 2691 huic,
758 2622 807 2697 qui
829 2622 919 2690 adest,
941 2621 1059 2696 imagini

114 2723 204 2780 animi
225 2721 404 2796 etcorporis
426 2721 475 2790 tui,
498 2721 733 2778 constantissimo
754 2730 840 2794 atque
865 2720 978 2796 optimo
999 2719 1058 2776 filio

113 2831 174 2888 tu0‚
195 2820 329 2888 studium,
349 2819 485 2888 officium,
505 2836 635 2894 operam,
654 2819 784 2876 laborem
804 2835 903 2875 meum
924 2819 982 2876 iam
1002 2819 1056 2894 pri-

113 2918 181 2975 dem
197 2927 226 2974 et
239 2916 383 2991 pollicitus
401 2934 466 2974 sum
481 2925 510 2973 et
530 2915 633 2986 detuli;
656 2934 734 2974 nunc
753 2916 810 2974 hoc
830 2917 962 2992 amplius
978 2914 1058 2990 quod

112 3033 161 3072 me
183 3014 357 3071 amicissime
377 3013 505 3089 quotidie
526 3014 619 3087 magis
640 3011 748 3072 Caesar
767 3015 955 3093 amplectitur,
976 3011 1058 3068 fami·

112 3113 197 3170 liares
219 3111 337 3185 quidem
362 3112 432 3180 eius,
454 3111 537 3168 sicuti
559 3112 715 3168 neminem.
758 3112 849 3188 Apud
870 3129 957 3187 quem
978 3109 1058 3184 quic-

113 3209 184 3286 quid
208 3209 312 3266 valebo
337 3208 380 3266 vel
409 3211 577 3276 auctoritate
602 3210 646 3267 vel
673 3211 774 3286 gratia,
797 3210 899 3267 valebo
928 3208 994 3265 tibi:
1027 3216 1059 3265 tu

113 3325 183 3365 cura
202 3317 234 3364 ut
253 3324 320 3364 cum
337 3305 512 3365 firmitudine
531 3317 559 3365 te
576 3308 676 3382 animi,
692 3318 754 3366 tum
773 3307 860 3366 etiam
877 3323 929 3382 spe
948 3305 1059 3381 optima

114 3413 267 3464 sustentes.
