2356 3810
116 221 160 284 ap.
176 207 217 289 9.]
344 219 456 273 amar.
480 222 528 270 aa
549 223 716 273 arricum
733 226 773 274 rr.
800 229 827 276 1.
1016 230 1056 296 23

115 377 248 448 modum,
264 376 344 453 quod
362 379 393 436 in
413 379 455 438 eis
475 380 663 451 orationibus,
678 400 752 457 quae
771 380 947 457 Philippicae
961 380 1055 438 norni-

115 486 231 545 nantur,
245 477 385 533 enituerat
398 477 466 534 civis
480 477 526 535 ille
541 487 605 536 tuus
621 475 871 558 [Demosthenes]‚
884 490 912 536 et
925 478 1006 553 quod
1025 495 1056 535 se
1087 491 1090 495 ·

116 571 226 630 abhoc
240 571 434 631 refractariolo
448 573 571 631 iudiciali
585 573 700 632 dicendi
713 591 820 650 genere
834 575 1010 642 abiunxerat,
1025 582 1057 630 ut

116 674 270 742 σεμνότερός
293 693 332 727 τις
355 678 384 727 et
406 674 601 743 πολιτικώτερος
623 671 771 741 videretur,
796 689 896 729 curare
918 680 950 728 ut
973 688 1056 728 meae

115 784 234 842 quoque
253 776 350 824 essent
368 767 522 838 orationes,
542 785 617 842 quae
636 768 802 827 consulares
822 769 1055 838 nominarentur3

114 882 239 940 quarum
253 882 311 921 una
327 873 371 922 est
387 865 418 921 in
436 874 537 922 senatu
552 864 618 922 Kal.
638 828 786 935 Idnuariis,
801 865 889 923 altera
907 866 944 924 ad
961 884 1056 942 popu-

114 962 176 1020 lum
191 961 227 1019 de
244 962 308 1036 lege
322 963 442 1037 agraria,
457 964 538 1020 tertia
553 962 589 1020 de
603 961 730 1033 Othone,
745 973 828 1039 quart
829 982 846 1021 a
860 981 914 1039 pro
929 962 1056 1032 Rabirio,

114 1060 217 1135 quinta
236 1059 272 1117 de
292 1060 520 1135 proscriptorum
541 1060 613 1130 filiis,
634 1070 723 1130 sexta,
743 1061 1005 1137 comprovinciam
1026 1061 1056 1118 in

116 1155 587 1232 contionedeposui,septima,qua
596 1156 749 1216 Catilinam
758 1159 1056 1233 emisi,octava,quam

114 1253 205 1312 habui
225 1253 263 1311 ad
279 1253 427 1330 populum
438 1254 575 1329 postridie
590 1273 677 1330 quam
692 1255 815 1315 Catilina
829 1255 963 1332 profugit,
978 1273 1057 1313 nona

114 1352 147 1409 in
168 1351 312 1434 contione
328 1369 387 1427 quo
408 1352 456 1409 die
475 1352 649 1428 Allobroges
669 1355 873 1424 †invocarunt,
854 1353 1032 1412 tdecima
1025 1371 1056 1409 m

117 1457 229 1518 senat,u
190 1426 338 1506 tNdnis
352 1448 570 1508 Decembribus.
615 1449 687 1508 Sunt
676 1459 845 1526 tpraeterea
859 1451 933 1509 duae
947 1451 1055 1519 breves,

115 1547 200 1622 quasi
210 1547 411 1618 ἀποσπασμάτια
419 1547 491 1623 legis
505 1548 641 1623 agrariae.
678 1547 748 1607 Hoc
759 1559 852 1606 totum
864 1556 937 1620 σῶμα
948 1549 1056 1606 curabo

115 1653 149 1701 ut
163 1643 288 1715 habeas;
311 1653 340 1701 et
354 1644 492 1718 quoniam
511 1655 620 1702 tecum
639 1647 753 1721 scripta,
767 1656 830 1704 tum
846 1664 891 1704 res
910 1664 992 1704 meae
1007 1645 1057 1703 de-

116 1741 232 1810 lectant,
246 1740 339 1798 isdem
354 1759 391 1798 ex
405 1741 482 1799 libris
496 1743 652 1818 perspicies
666 1752 695 1800 et
709 1762 782 1819 quae
793 1744 932 1821 gesserim
943 1753 970 1800 et
981 1760 1056 1818 quae

98 1863 100 1865 ¹
116 1838 255 1896 dixerim:
277 1848 326 1896 aut
340 1856 377 1895 ne
391 1839 577 1913 poposcisses
591 1858 600 1911 ;
615 1858 672 1916 ego
682 1841 760 1898 enim
774 1841 826 1898 tihi
839 1858 958 1898 menon
972 1839 1057 1897 offer-

115 1937 211 1995 ebam.
234 1954 261 2006 4
272 1934 362 2006 Quod
373 1936 495 2011 quaeris,
504 1936 574 2011 quid
585 1937 621 1994 sit
633 1938 714 2011 quod
725 1947 752 1996 te
765 1956 917 2035 arcessam,
928 1955 962 1995 ac
973 1937 1058 1994 simul

114 2033 286 2108 impeditum
300 2042 328 2090 te
342 2033 466 2108 negotiis
479 2051 544 2092 esse
559 2035 711 2109 significas,
729 2051 834 2139 neque
841 2052 956 2093 recusas
978 2034 1056 2110 quin,

115 2149 178 2188 non
187 2131 311 2188 modo
289 2148 312 2188 st
322 2148 397 2207 opus
406 2131 450 2200 sit,
430 2131 514 2189 tsed
523 2131 608 2188 etiam
620 2149 644 2188 s1
636 2132 747 2201 velim,
757 2149 898 2201 accurras,
907 2131 976 2188 nihil
987 2149 1057 2188 sane

115 2241 159 2287 est
173 2246 309 2301 necesse3
324 2247 422 2286 verum
436 2240 534 2288 tamen
547 2230 680 2288 videbare
690 2231 760 2287 mrhr
769 2241 902 2306 tempora
912 2248 1057 2305 peregrrn

115 2326 220 2383 ationis
234 2326 419 2385 commodius
439 2345 527 2402 posse
541 2327 710 2386 discribere:
731 2328 816 2386 nimis
827 2329 897 2386 abes
908 2329 965 2393 diu,
975 2345 1056 2402 prae·

115 2424 213 2481 sertim
228 2441 295 2481 cum
310 2423 349 2481 sis
363 2424 392 2480 in
403 2423 573 2500 propinquis
587 2423 664 2495 locis,
680 2443 775 2500 neque
790 2443 844 2484 nos
858 2435 886 2483 te
896 2425 1015 2482 fruimur
1028 2433 1057 2482 et

115 2530 147 2577 tu
162 2521 248 2578 nobis
262 2539 373 2578 cares
346 2522 447 2620 (Aa
445 2540 522 2579 nunc
537 2522 654 2598 quidem
668 2523 760 2580 otium
775 2532 826 2592 est,
848 2523 909 2592 sed,
924 2523 947 2580 si
968 2521 1055 2599 paulo

115 2618 182 2695 plus
203 2617 281 2675 furor
302 2576 439 2676 Pulchelli
459 2614 594 2693 progredi
620 2631 727 2695 posset,
752 2620 835 2678 valde
860 2638 916 2696 ego
938 2629 966 2678 te
980 2620 1057 2678 istim

115 2715 279 2772 excitarem.
314 2715 423 2772 Vemm
434 2716 653 2791 praeclaret
590 2715 640 2774 Me
642 2717 723 2775 tellus
734 2717 854 2793 impedit
867 2728 896 2775 et
910 2717 1054 2793 impediet.
1064 2773 1068 2780 ,

117 2811 198 2914 Quid
197 2813 345 2916 quaeris?
367 2822 411 2871 est
425 2813 527 2871 consul
541 2817 696 2887 φιλοπατρις
709 2825 745 2884 et,
757 2825 788 2873 ut
802 2833 916 2891 semper
926 2815 1056 2882 iudicavi,

117 2883 220 2968 hathra
197 2879 351 2968 hdhus.
394 2924 421 2984 5.
450 2909 501 2968 llle
528 2924 577 2968 aut
578 2929 625 2968 em
653 2930 714 2969 non
742 2913 863 2983 simulat,
892 2914 943 2971 sed
972 2913 1056 2988 plane

116 3009 247 3067 tribunus
262 3008 299 3083 pl.
315 3008 375 3065 fieri
390 3008 484 3085 cupit;
506 3027 563 3085 qua
580 3010 654 3067 dere
673 3028 740 3068 cum
755 3011 785 3067 in
800 3021 900 3068 senatu
917 3021 1057 3085 ageretur,

117 3106 190 3181 fregi
224 3105 373 3163 hominem
408 3115 437 3163 et
464 3106 688 3165 inconstantiam
716 3107 776 3164 eius
804 3106 981 3182 reprehendi,
1007 3107 1057 3182 qui

117 3203 231 3260 Romae
250 3203 424 3260 tribunatum
442 3203 480 3278 pl.
501 3212 619 3279 peteret,
634 3222 702 3262 cum
721 3204 751 3261 in
771 3204 865 3262 Sicilia
884 3205 1056 3261 aedilitatem

116 3318 148 3358 se
163 3309 261 3374 petere
274 3298 438 3370 dictitasset,
458 3317 553 3375 neque
574 3318 682 3375 magno
704 3318 792 3376 opere
813 3301 872 3357 dixi
887 3319 949 3358 esse
971 3300 1056 3358 nobis

115 3395 317 3466 laborandum,
333 3396 413 3473 quod
433 3396 522 3455 nihilo
537 3399 630 3474 magis
645 3398 672 3456 ei
685 3398 827 3456 licitumm
848 3409 923 3456 esset
943 3397 1056 3474 plebeio
