2348 3788
181 223 244 283 240
452 216 491 264 M.
516 215 636 264 Turmr
657 215 844 264 arcanorum
988 205 1079 289 [aaa
1092 217 1117 263 v.

180 368 319 427 Pisonem
352 366 462 425 ferebat
494 367 524 423 in
557 368 677 437 caelum,
711 385 743 424 se
775 376 873 433 autern
908 366 1016 437 laetari,
1046 366 1118 442 quod

180 469 349 545 effugissem
373 467 445 524 duas
472 467 616 524 maximas
644 467 881 541 vituperationes:
911 485 1012 537 unam,
1039 484 1119 542 quam

181 567 282 625 itinere
299 564 433 622 faciendo
453 582 501 620 me
520 565 724 638 intellegebam
743 564 898 639 suscipere,
914 565 1118 641 desperationis

181 683 215 722 ac
240 661 394 720 relictionis
418 662 459 719 rei
483 661 623 737 publicae,
645 661 747 726 flentes
771 680 888 720 mecum
911 662 1000 737 vulgo
1025 679 1120 738 quere·

181 762 292 830 bantur,
321 759 426 834 quibus
460 758 496 816 de
529 777 596 817 meo
624 759 708 817 celeri
735 759 828 818 reditu
855 777 916 818 non
944 761 1119 835 probabam,

181 861 308 928 alteram,
329 858 366 915 de
387 875 445 933 qua
466 857 571 916 Brutus
592 868 621 915 et
642 858 692 934 qui
716 876 776 915 una
799 858 1005 916 erant-multi
1031 869 1120 915 autem

182 954 491 1023 erant—laetabantur,
507 955 587 1030 quod
606 973 671 1012 eam
692 955 930 1029 vituperationem
949 954 1119 1031 effugissem,

182 1071 230 1110 me
245 1052 401 1110 existimari
415 1052 453 1110 ad
468 1051 612 1127 Olympia.
648 1050 716 1109 Hoc
731 1069 798 1110 vero
813 1051 883 1108 nihil
897 1052 1010 1127 turpius
1025 1052 1120 1128 quovis

181 1150 222 1206 rei
247 1148 380 1225 publicae
405 1158 544 1224 ternpore,
566 1150 618 1206 sed
642 1149 699 1206 hoc
723 1150 922 1219 ἀναπολόγητον.
966 1147 1035 1224 Ego
1060 1166 1120 1207 vero

182 1257 279 1305 austro
304 1247 409 1321 gratias
433 1247 528 1316 miraS,
551 1246 600 1322 qui
623 1263 671 1302 me
695 1265 713 1304 a
738 1255 817 1303 tanta
841 1245 960 1305 infamia
984 1248 1119 1305 averterit.

183 1346 210 1403 6.
232 1344 417 1402 Reversionis
435 1343 488 1401 has
509 1339 683 1422 [speciosas]
708 1361 810 1402 causas
832 1342 930 1414 babes,
951 1344 1043 1403 iustas
1066 1345 1120 1411 illas

183 1443 301 1520 quidem
329 1452 358 1500 et
384 1459 514 1516 magnas,
543 1441 595 1503 sed
623 1441 701 1503 nulla
728 1442 838 1510 iustior,
866 1458 955 1516 quarn
984 1442 1068 1517 quod
1094 1451 1120 1497 tu

182 1541 260 1599 idem
281 1540 342 1598 aliis
362 1539 478 1598 litteris:
500 1539 647 1615 ‘provide
668 1540 691 1598 si
715 1541 762 1598 cui
786 1539 857 1615 quid
882 1539 1013 1610 debetur,
1037 1550 1069 1598 ut
1090 1540 1120 1606 sit

181 1638 259 1696 unde
274 1655 327 1712 par
340 1637 402 1712 pari
416 1636 625 1711 respondeatur
633 1657 641 1709 ;
664 1637 784 1707 mirifica
802 1639 880 1696 enirn
900 1639 1065 1711 δυσχρησπία
1082 1647 1120 1699 est

182 1745 300 1811 propter
314 1743 424 1792 metum
439 1731 601 1792 armomm.’
630 1734 666 1791 In
679 1734 752 1793 freto
768 1735 864 1792 medio
879 1734 956 1794 hanc
969 1735 1119 1810 epistolam

184 1833 248 1908 legi,
269 1842 309 1904 ut,
331 1831 402 1908 quid
427 1849 546 1907 possem
569 1832 728 1907 providere,
749 1833 780 1890 in
806 1842 935 1890 mentem
963 1833 1036 1892 mihi
1064 1850 1120 1890 non

183 1932 300 2001 veniret,
320 1931 376 1989 nisi
400 1929 480 2006 quod
504 1948 640 2005 praesens
664 1949 712 1988 me
736 1930 798 2006 ipse
827 1929 1023 1989 defenderem.
1067 1929 1120 1990 Sed

182 2029 255 2088 haec
272 2029 427 2099 hactenus;
449 2028 560 2104 reliqua
580 2045 687 2092 coram.
732 2041 758 2102 7.
780 2027 900 2086 Antonii
919 2028 1049 2087 edictum
1066 2028 1120 2103 legi

109 2143 111 2147 ·
183 2147 201 2186 a
215 2128 314 2197 Bruto,
329 2126 475 2185 ethorum
490 2134 607 2184 contra:
630 2126 767 2200 scripturn
781 2126 936 2200 praeclare.
980 2125 1041 2186 Sed
1055 2126 1120 2203 quid

183 2225 238 2282 ista
252 2224 347 2282 edicta
360 2223 472 2280 valeant
485 2234 534 2281 aut
548 2242 607 2298 quo
623 2232 761 2298 spectent,
777 2223 862 2298 plane
880 2241 941 2280 non
960 2223 1055 2295 video,
1069 2243 1121 2282 nec

183 2340 240 2397 ego
266 2341 351 2392 nunc,
374 2331 405 2379 ut
430 2321 534 2381 Brutus
559 2322 704 2392 censebat,
725 2321 798 2378 istuc
823 2321 861 2379 ad
888 2339 949 2378 rem
977 2322 1121 2396 publicam

183 2419 394 2495 capessendam
418 2419 518 2489 venio;
544 2419 614 2495 quid
639 2419 717 2476 enim
742 2418 802 2476 fieri
826 2418 941 2502 potest?
965 2436 1039 2477 num
1060 2420 1122 2496 quis

183 2516 283 2574 Pisoni
310 2527 354 2574 est
381 2516 541 2575 adsensus?
566 2534 637 2573 num
661 2516 745 2573 rediit
772 2516 835 2591 ipse
863 2515 1023 2591 postridie?
1066 2517 1122 2575 Sed

183 2615 285 2672 abesse
306 2613 382 2672 hanc
403 2623 526 2672 aetatem
546 2614 633 2689 longe
654 2632 672 2670 a
693 2614 826 2689 sepulcro
847 2623 956 2688 negant
979 2627 1121 2690 oportere.

185 2713 211 2770 8.
234 2710 292 2768 Sed
306 2713 428 2769 obsecro
442 2721 479 2782 te,
494 2711 564 2788 quid
578 2721 622 2768 est
636 2710 717 2786 quod
731 2709 828 2768 audivi
842 2709 878 2767 de
893 2709 1004 2768 Bruto?
1023 2711 1124 2770 Piliam

182 2812 346 2882 πειράζεσθαι
359 2809 502 2882 παραλύσει
515 2819 544 2867 te
559 2809 707 2884 scripsisse
727 2808 837 2865 aiebat:
858 2807 940 2866 valde
960 2826 1029 2877 sum¹
1044 2829 1125 2870 corn-

183 2917 296 2978 motus;
318 2907 371 2964 etsi
388 2907 466 2968 idern
488 2917 515 2965 te
536 2907 659 2965 scribere
681 2923 795 2981 sperare
816 2905 926 2964 melius.
968 2904 1015 2965 Ita
1037 2908 1125 2983 plane

183 3004 268 3062 velim
282 3013 309 3061 et
323 3005 352 3060 ei
362 3004 441 3063 dicas
455 3005 611 3079 plurimam·
622 3003 743 3062 salutern
758 3012 787 3060 et
802 3003 985 3061 suavissimae
999 3004 1125 3066 Atticae.

184 3101 269 3160 Haec
301 3101 402 3178 scripsi
433 3102 581 3178 navigans,
610 3119 677 3160 cum
704 3099 916 3177 Pompeianum
943 3103 1125 3176 accederem,

184 3219 254 3259 xrm.
270 3198 336 3258 Kal.
