2348 3788
60 215 105 280 aa
122 201 177 288 ιι]
259 215 369 265 srrsr.
392 217 442 265 aa
465 217 583 282 ρυιιιι.
604 218 709 266 rnna.
734 220 771 267 ιι.
794 223 824 286 4.
959 206 1001 293 63

162 475 210 532 24.
254 471 311 530 AD
343 472 543 554 QUINTUM
574 472 843 542 FRATREMII.
875 493 902 548 4.

206 585 272 646 Seu.
294 586 403 646 Rounu
422 607 517 647 uuusu
538 588 660 648 Mnnrro
681 608 765 649 nuc
788 591 855 664 698.

264 710 377 752 anneus
397 711 506 760 ouuuro
526 713 634 753 rnnrnr
653 712 795 754 suuuruu.

103 824 129 865 1.
152 805 272 867 Susrrus
291 817 390 867 noster
410 809 557 868 absolutus
578 819 621 868 est
642 829 667 868 a
687 810 714 868 d.
732 827 759 868 ν.
781 809 851 868 Idus
870 809 999 883 Martias,

60 913 98 975 et,
118 905 199 980 quod
219 905 403 965 vehementer
421 907 546 965 interfuit
566 909 607 966 rei
625 908 765 983 publicae,
785 907 892 964 nullam
910 910 1000 967 videri

60 1005 91 1061 in
105 1003 168 1062 eius
181 1003 263 1062 modi
276 1022 364 1062 causa
383 1005 594 1064 dissensionem
615 1023 687 1077 esse,
702 1006 837 1064 omnibus
852 1007 999 1065 sententiis

61 1100 212 1159 absolutus
232 1111 283 1159 est
326 1101 408 1171 Illud,
430 1102 509 1178 quod
529 1103 579 1160 tibi
600 1121 684 1160 curae
709 1120 796 1178 saepe
824 1121 887 1160 esse
915 1103 998 1161 intel-

60 1193 196 1264 lexeram,
218 1195 317 1253 necui
338 1196 437 1272 iniquo
455 1196 679 1273 relinqueremus
697 1197 876 1272 vituperandi
891 1197 998 1268 locum,
1073 1251 1076 1257 .

61 1291 112 1368 qui
138 1309 196 1350 nos
224 1292 351 1368 ingratos
379 1311 441 1353 esse
466 1295 580 1364 diceret,
604 1294 658 1353 nisi
683 1292 756 1352 illius
784 1294 997 1368 perversitatem

61 1390 237 1465 quibusdam
257 1391 287 1448 in
307 1391 392 1449 rebus
413 1409 501 1467 quam
522 1391 729 1450 humanissime
753 1390 900 1460 ferremus,
926 1391 999 1448 scito

61 1487 119 1546 hoc
149 1506 206 1547 nos
236 1489 267 1546 in
296 1470 332 1547 eo
363 1490 467 1548 iudicio
498 1499 670 1548 consecutos
700 1507 773 1560 esse,
805 1498 837 1546 ut
866 1489 998 1546 omnium

62 1585 217 1658 gratissimi
233 1585 422 1666 iudicaremur
432 1606 440 1660 3
461 1606 531 1645 nam
550 1587 732 1645 defendendo
751 1603 869 1644 moroso
889 1585 999 1643 homini

62 1682 285 1742 cumulatissime
313 1684 381 1743 satis
408 1684 538 1756 fecimus,
566 1694 602 1756 et,
630 1678 660 1742 id
688 1685 768 1762 quod
796 1685 842 1742 ille
872 1685 998 1742 maxime

61 1781 206 1856 cupiebat,
220 1781 376 1853 Vatinium,
391 1801 409 1842 a
425 1801 484 1860 quo
501 1783 597 1859 palam
616 1783 846 1858 oppugnabatur,
864 1783 999 1840 arbitratu

60 1887 164 1938 nostro
179 1879 359 1969 concidimus
372 1881 416 1940 dis
429 1881 650 1958 hominibusque
668 1880 804 1957 plaudent
793 1881 876 1938 tibus.
919 1879 998 1950 Quin

61 1977 158 2077 etiam
172 1975 278 2036 Paulus
296 1960 397 2036 hoster
419 1997 486 2038 cum
508 1979 587 2037 testis
606 1979 764 2059 productus
785 1987 861 2036 esset
882 1979 911 2071 in
932 1977 998 2035 Ses-

60 2076 142 2145 tium,
151 2056 344 2134 confirmavit
366 2095 396 2136 se
417 2095 526 2135 nomen
540 2077 647 2136 Vatinii
664 2062 861 2146 delaturum,
854 2075 877 2134 si
885 2052 999 2134 Macer

60 2172 190 2230 Licinius
205 2183 393 2245 cunctaretur,
408 2183 437 2232 et
451 2173 551 2232 Macer
565 2175 602 2232 ab
618 2173 701 2232 Sestii
720 2173 859 2231 subselliis
879 2173 998 2230 surrexit

60 2287 93 2328 ac
124 2288 157 2329 se
188 2270 227 2328 1111
255 2289 316 2330 ιιοιι
348 2271 511 2330 defuturum
540 2272 705 2330 adfirmavit.
756 2269 835 2341 Quid
862 2270 998 2345 quaeris?

60 2368 151 2427 homo
179 2368 312 2444 petulans
340 2379 368 2428 et
395 2370 490 2428 audax
519 2365 677 2449 [Vatinius]
706 2367 788 2426 valde
816 2369 998 2443 perturbatus

61 2466 280 2542 debilitatusque
301 2457 438 2525 discessit.
482 2486 508 2524 a.
531 2467 655 2538 Quintus
676 2476 750 2537 tuus,
770 2484 841 2542 puer
862 2465 997 2542 optimus,

61 2562 188 2620 eruditur
207 2563 340 2637 egregie:
361 2562 418 2621 hoc
432 2581 509 2621 nunc
523 2565 616 2638 magis
630 2564 759 2622 animum
774 2563 900 2633 adverte,
918 2562 999 2637 quod

60 2659 212 2736 Tyrannio
235 2659 320 2718 docet
348 2661 425 2736 apud
453 2680 508 2719 me.
550 2661 664 2720 Domus
692 2663 838 2736 utriusque
866 2670 997 2717 nostrum

60 2757 227 2816 aedificatur
244 2767 367 2816 strenue.
409 2757 599 2832 Redemptori
618 2769 668 2816 tuo
690 2758 840 2816 dimidium
859 2759 998 2834 pecuniae

60 2855 166 2914 curavi
208 2853 369 2932 Speronos
384 2866 451 2913 ante
464 2855 590 2914 hiemem
608 2855 827 2914 contubernales
841 2855 910 2914 lore.
951 2855 997 2914 De

59 2961 161 3012 nostra
187 2951 292 3021 Tullia,
320 2953 360 3010 tui
388 2953 550 3012 mehercule
583 2955 787 3024 amantissima,
816 2972 901 3029 spero
931 2972 998 3013 cum

60 3049 234 3126 Crassipede
263 3066 318 3107 nos
341 3049 507 3108 confecisse.
551 3050 622 3108 Dies
650 3061 730 3109 erant
759 3052 825 3120 duo,
854 3050 903 3125 qui
931 3061 998 3126 post

59 3146 179 3206 Latinas
207 3145 350 3205 habentur
378 3147 501 3223 religiosi
512 3166 523 3221 5
556 3158 683 3208 ceterum
711 3148 875 3208 confectum
902 3148 998 3208 Latiar

58 3253 126 3305 erat.
