2356 3810
171 222 233 288 170
419 217 479 274 M·
503 217 624 266 uuam
645 217 830 266 cressonis
978 197 1048 292 [rm
1064 217 1108 269 ur.

168 385 251 428 meae
265 386 319 445 pro
334 377 384 427 tuo
403 368 434 426 in
453 383 508 426 nos
528 385 628 425 amore
647 385 709 424 non
727 366 866 443 indigent.
907 365 972 425 Nec
993 366 1110 426 hercule

169 486 226 543 ego
241 467 358 542 quidem
371 467 492 542 reperio,
505 467 574 541 quid
589 467 725 537 scribam3
747 465 837 524 sedeo
851 464 929 522 enim
942 469 1110 524 πλουδοκῶντ

169 565 223 623 etsi
242 563 311 621 nihil
330 581 470 638 umquam
489 574 548 622 tam
567 564 620 622 fuit
639 564 823 622 scribendum
842 581 932 638 quam
951 563 1023 620 nihil
1040 565 1111 622 mihi

169 679 309 738 umquam
328 651 364 719 ex
378 661 507 737 plurimis
526 662 582 719 tuis
600 661 825 719 iucunditatibus
843 661 951 736 gratius
970 662 1112 721 accidisse

170 777 259 836 quam
280 758 359 836 quod
379 777 476 816 meam
497 758 625 817 Tulliam
645 760 813 817 suavissime
835 758 1112 836 diligentissimeque

66 895 69 901 ,
171 856 405 916 coluisti-valde
433 875 470 914 eo
498 857 562 932 ipsa
590 856 730 914 delectata
760 866 811 926 est,
839 873 896 931 ego
924 866 1022 914 autem
1051 875 1112 915 non

170 955 316 1024 minus—,
338 955 420 1012 cuius
441 954 559 1030 quidem
579 955 666 1012 virtus
688 954 815 1012 mirifica.
857 952 927 1024 Quo
949 954 1041 1013 modo
1067 956 1113 1015 illa

172 1053 226 1111 fert
253 1052 399 1128 publicam
427 1053 557 1110 cladem!
587 1069 647 1127 quo
675 1051 766 1109 modo
799 1051 976 1111 domesticas
1005 1054 1112 1113 tricas!

77 1229 79 1232 Α
172 1161 297 1227 quantus
312 1160 408 1208 autem
423 1151 538 1210 animus
553 1150 583 1207 in
601 1150 732 1208 discessu
749 1151 866 1207 nostrol
888 1158 932 1207 est
945 1151 1054 1225 στοργή,
1070 1162 1113 1212 est

172 1266 287 1307 summa
305 1248 441 1318 σύντηξιςε
463 1258 561 1306 tamen
582 1265 637 1306 nos
656 1257 733 1306 recte
752 1247 847 1305 facere
867 1257 897 1305 et
916 1248 992 1306 bene
1014 1249 1114 1307 audire

172 1347 239 1405 volt.
283 1365 328 1403 10.
354 1345 412 1404 Sed
432 1346 487 1404 hac
508 1364 595 1422 super
616 1365 647 1404 re
668 1346 764 1416 nimiS,
785 1363 824 1402 ne
844 1363 941 1403 meam
962 1347 1025 1422 ipse
1046 1372 1113 1419 συμ-

172 1447 277 1505 πάθειαν
290 1445 348 1502 iam
362 1462 491 1502 evocem.
534 1444 591 1514 Tu,
607 1445 631 1502 si
648 1443 719 1519 quid
739 1444 775 1501 de
790 1443 942 1520 Hispaniis
961 1445 1068 1504 certius
1086 1457 1114 1506 et

173 1543 197 1601 si
211 1541 281 1618 quid
295 1541 381 1614 aliud,
395 1542 466 1600 dum
480 1543 629 1613 adsumus,
644 1543 752 1600 scribes
765 1551 794 1599 et
809 1559 865 1616 ego
880 1541 1002 1601 fortasse
1021 1543 1114 1602 disce-

173 1641 246 1698 dens
265 1637 342 1696 dabo
361 1639 399 1699 ad
417 1648 446 1697 te
464 1639 579 1714 aliquid,
594 1657 630 1698 eo
650 1641 737 1697 etiam
756 1640 859 1714 magis,
879 1640 958 1715 quod
973 1640 1070 1700 Tullia
1087 1654 1115 1702 te

172 1756 234 1796 non
254 1737 373 1812 putabat
391 1736 448 1795 hoc
466 1746 597 1812 ternpore
617 1756 653 1796 ex
668 1737 757 1795 ltalia
802 1735 878 1794 Cum
894 1738 1025 1797 Antonio
1044 1741 1115 1799 item

173 1844 217 1894 est
241 1835 396 1910 agendum,
419 1844 451 1892 ut
474 1853 542 1893 cum
567 1833 702 1905 Curione,
725 1835 843 1893 Melitae
867 1853 915 1893 me
937 1837 1023 1895 velim
1040 1857 1115 1910 esse,

173 1934 241 1993 huie
255 1933 331 1991 bello
348 1932 426 1991 nolle
444 1933 600 1992 interesse:
622 1951 658 1992 eo
672 1934 757 1991 velim
776 1943 835 1990 tarn
851 1932 927 1992 facili
944 1936 985 1992 uti
1003 1938 1115 2012 possim

174 2045 203 2093 et
219 2043 279 2090 tam
295 2032 375 2090 bono
394 2032 425 2089 in
445 2049 493 2089 me
514 2050 603 2107 quam
624 2030 760 2090 Curione.
804 2030 834 2091 Is
855 2031 893 2089 ad
914 2031 1063 2092 Misenum
1077 2053 1115 2094 vr.

174 2133 280 2192 Nonas
290 2139 426 2189 venturus
441 2131 597 2201 dicebatur,
609 2130 638 2188 id
652 2141 696 2188 est
710 2129 806 2200 hodie,
818 2129 870 2188 sed
884 2131 1031 2207 praemisit
1044 2133 1116 2192 mihi

176 2232 294 2292 odiosas
308 2229 415 2288 litteras
428 2229 485 2288 hoc
499 2228 644 2304 exemplo.

386 2387 433 2442 72.
473 2383 531 2442 ΑΙ)
551 2380 747 2441 ATTICUM
767 2380 804 2440 X.
828 2385 845 2440 8
867 2381 904 2442 A.

248 2503 408 2558 ‘ANTONIUS
428 2517 504 2558 TRIB.
526 2517 570 2559 1³1..
592 2517 654 2560 PRO·
677 2517 721 2557 PR.
743 2518 877 2560 CICERONI
898 2518 956 2558 IMP·
978 2518 1039 2561 SAL.

221 2632 246 2671 1.
268 2611 334 2671 N1s1
353 2621 381 2669 te
395 2613 478 2671 valde
497 2631 635 2685 amarem,
650 2624 678 2672 et
692 2614 784 2672 multo
799 2615 917 2690 quidem
936 2615 1009 2691 plus,
1027 2635 1117 2693 quam

177 2724 209 2772 tu
229 2720 322 2789 putas,
337 2729 399 2768 non
420 2712 617 2770 extimuissem
638 2730 792 2784 minorem,
810 2714 860 2788 qui
881 2713 917 2771 de
938 2723 966 2772 te
987 2716 1118 2790 prolatus

96 2841 99 2847 ·
177 2821 230 2880 est,
251 2827 319 2867 cum
340 2809 508 2884 praesertim
528 2809 633 2868 salsum
654 2829 718 2869 esse
739 2811 952 2883 existimarem
978 2812 1030 2870 sed
1048 2815 1118 2888 quia

178 2920 207 2968 te
222 2908 312 2965 nimio
327 2907 392 2982 plus
406 2907 503 2982 diligo,
519 2926 580 2966 non
594 2927 716 2984 possum
732 2909 911 2967 dissimulare
924 2909 995 2967 mihi
1008 2909 1118 2970 famam

179 3025 306 3085 quoque,
328 3006 458 3081 quamvis
482 3007 518 3064 sit
538 3006 617 3077 salsa,
638 3008 738 3083 magni
759 3025 832 3068 esse.
876 3006 914 3065 Te
935 3009 1042 3066 iturum
1064 3029 1119 3067 esse

180 3121 259 3167 trans
279 3121 358 3162 mare
380 3104 496 3162 credere
512 3122 573 3162 non
591 3121 721 3180 possum,
739 3123 806 3163 eum
827 3106 898 3163 tanti
919 3105 1007 3164 facias
1025 3106 1117 3165 Dola·

181 3204 286 3263 bellam
299 3207 325 3260 et
337 3201 464 3260 Tulliam
478 3212 565 3272 tuam,
580 3201 717 3260 seminam
731 3201 926 3274 lectissimam,
937 3202 1065 3280 tantique
1081 3206 1118 3262 ab

181 3302 319 3360 omnibus
339 3299 425 3357 nobis
444 3299 504 3369 fias,
524 3299 628 3375 quibus
650 3299 814 3358 mehercule
837 3301 962 3375 dignitas
986 3300 1119 3375 amplitu-

182 3401 279 3476 doque
301 3409 351 3457 tua
372 3415 466 3474 paene
486 3397 578 3456 carior
601 3405 645 3457 est
666 3414 755 3474 quarn
776 3398 827 3458 tibi
851 3399 922 3477 ipsi;
949 3399 1001 3458 sed
1020 3408 1119 3458 tamen
