2356 3810
159 184 178 248 8
377 255 379 265 .
439 197 475 248 rr.
498 197 618 246 rurrrr
639 197 828 246 crcurorvrs
990 183 1060 267 [aaa
1077 195 1100 247 ῐ.

158 391 385 445 conservassem,
409 382 494 450 atque
516 374 671 431 abeuntem
691 366 860 447 magistratu
883 368 1029 429 contionis
1051 370 1103 428 ha·

156 473 271 530 bendae
286 481 429 548 potestate
443 472 578 547 privavit3
598 472 679 529 cuius
694 471 795 527 iniuria
806 469 876 526 mihi
888 479 985 526 tamen
997 467 1103 526 honori

158 587 274 627 summo
299 569 369 627 fuit:
397 586 475 641 nam,
500 586 567 626 curn
591 569 637 626 ille
658 567 729 624 mihi
754 566 823 624 nihil
845 566 900 624 nisi
921 574 954 624 ut
978 566 1104 623 iurarem

158 667 344 742 permitteret,
373 684 481 742 magna
513 683 585 724 voce
618 665 708 723 iuravi
735 665 916 722 verissimum
945 662 1104 739 pulcherri-

156 781 297 840 mumque
317 765 362 822 ius
383 761 545 830 iurandum,
565 763 646 858 quod
667 762 793 837 populus
815 762 884 818 item
902 777 1011 835 magna
1029 777 1103 816 voce

157 877 205 918 me
232 879 299 919 vere
326 861 436 919 iurasse
463 860 571 918 iuravit.
595 861 649 920 l8.
679 858 746 916 Hac
769 867 970 934 acceptatam
995 857 1103 931 insigni

159 957 271 1028 iniuria,
286 968 385 1015 tamen
404 958 452 1016 illo
472 958 536 1033 ipso
556 957 602 1014 die
621 957 688 1014 misi
707 957 745 1014 ad
765 956 916 1015 Metellum
930 960 1104 1013 communes

159 1053 278 1124 amicos,
294 1054 344 1129 qui
363 1063 482 1129 agerent
499 1072 566 1112 cum
586 1071 631 1125 eo,
645 1062 677 1111 ut
695 1053 732 1111 de
752 1053 798 1120 illa
815 1062 913 1110 mente
933 1052 1103 1122 desisteret;

159 1153 263 1226 quibus
277 1152 324 1210 ille
338 1153 486 1228 respondit
501 1153 555 1210 sibi
570 1115 706 1210 ndir'esse‘
716 1126 877 1226 integrum}
897 1151 1004 1208 etenim
1014 1149 1105 1224 paulo

159 1261 226 1309 ante
245 1252 275 1308 in
294 1252 432 1310 contione
451 1251 562 1310 dixerat
582 1251 617 1321 ei,
635 1251 684 1327 qui
705 1250 736 1307 in
757 1250 829 1308 alios
851 1249 979 1308 animum
1001 1249 1104 1306 adver-

158 1349 239 1406 tisset
253 1348 360 1406 indicta
375 1366 469 1419 causa,
481 1347 595 1405 dicendi
609 1349 664 1424 ipsi
678 1356 852 1422 potestatem
866 1347 926 1405 fieri
941 1365 1001 1404 non
1016 1363 1105 1422 opor-

158 1454 227 1504 tere.
270 1444 433 1503 Hominem
458 1462 574 1520 gravem
599 1454 628 1503 et
651 1445 742 1502 civem
767 1445 934 1520 egregium!
962 1444 1021 1518 qui,
1047 1458 1106 1518 qua

159 1559 257 1617 poena
272 1552 389 1600 senatus
404 1560 549 1600 consensu
564 1542 709 1600 bonorum
729 1543 860 1600 omnium
879 1559 931 1600 eos
950 1541 1105 1608 adfecerat,

160 1641 209 1716 qui
223 1641 327 1698 urbem
341 1639 495 1698 incendere
510 1650 538 1698 et
552 1642 736 1715 magistratus
751 1657 785 1697 ac
803 1649 935 1697 senatum
954 1639 1105 1708 trucidare,

159 1737 268 1794 bellum
300 1737 460 1794 maximum
493 1736 620 1795 conflare
648 1736 814 1807 voluissent,
844 1736 947 1794 eadem
983 1736 1106 1811 dignum

161 1835 300 1893 iudicaret
314 1852 390 1903 eum,
406 1834 455 1909 qui
475 1834 584 1891 curiam
599 1834 697 1902 caede,
711 1835 813 1891 urbem
828 1834 977 1902 incendiis
991 1833 1106 1890 Italiam

161 1933 238 1991 bello
266 1932 423 1990 liberasset.
472 1930 574 2008 Itaque
603 1949 658 2006 ego
686 1931 814 2004 Metello,
836 1932 914 1989 fratri
938 1941 998 2003 tuo,
1020 1951 1105 2008 prae-

163 2031 236 2089 senti
260 2030 365 2088 restiti:
391 2030 512 2087 namin
535 2038 637 2086 senatu
661 2028 727 2086 Kal.
750 2028 891 2087 ianuariis
913 2029 954 2088 sic
979 2047 1047 2087 cum
1069 2048 1107 2088 eo

161 2128 198 2185 de
221 2146 252 2186 re
276 2127 392 2204 publica
417 2126 567 2202 disputavi,
589 2136 621 2183 ut
644 2126 760 2183 sentiret
785 2125 838 2183 sibi
862 2144 929 2205 cum
953 2127 1015 2184 viro
1040 2127 1107 2184 forti

163 2236 191 2283 et
216 2225 360 2283 constanti
384 2241 449 2282 esse
477 2224 677 2300 pugnandum.
719 2242 745 2281 a.
767 2223 794 2281 d.
816 2241 856 2281 111.
886 2223 963 2282 Non.
989 2223 1105 2284 Ianuar.

163 2341 230 2380 cum
252 2341 337 2398 agere
358 2323 511 2398 coepisset,
526 2321 609 2379 tertio
628 2339 746 2398 quoque
767 2321 857 2379 verbo
876 2321 1015 2379 orationis
1037 2340 1107 2380 suae

162 2438 210 2478 me
225 2419 398 2494 appellabat,
409 2417 480 2475 mihi
494 2419 657 2475 minabatur
665 2437 673 2490 ;
689 2435 784 2494 neque
798 2418 837 2475 illi
848 2419 1005 2494 quicquam
1016 2419 1107 2476 delib-

164 2517 269 2575 eratius
297 2515 350 2573 luit
375 2532 463 2592 quarn
491 2533 547 2584 me,
570 2533 754 2591 quacumque
778 2516 890 2573 ratione
912 2525 1020 2591 posset,
1045 2535 1108 2574 non

162 2615 269 2674 iudicio
296 2631 393 2690 neque
421 2613 638 2687 disceptatione,
666 2614 719 2671 sed
746 2613 774 2670 vi
801 2622 887 2689 atque
915 2614 1107 2688 impressione

162 2723 298 2772 evertere.
346 2709 444 2770 Huius
469 2729 526 2786 ego
549 2711 701 2770 temeritati
725 2711 749 2768 si
774 2711 875 2768 virtute
899 2720 985 2786 atque
1008 2712 1107 2770 auimo

161 2829 223 2869 non
236 2809 416 2881 restitissem,
431 2810 495 2887 quis
510 2819 586 2868 esset
602 2810 652 2885 qui
670 2827 718 2866 me
737 2809 768 2866 in
787 2809 939 2866 consulatu
957 2825 1018 2866 non
1037 2828 1108 2868 casu

162 2909 261 2986 potius
283 2909 460 2966 existimaret
481 2926 570 2984 quarn
591 2907 713 2965 consilio
732 2905 837 2965 fortem
856 2906 964 2964 luisse?
985 2925 1013 2980 9.
1034 2906 1107 2966 haec

162 3008 187 3067 si
209 3017 241 3065 tu
259 3005 409 3064 Metellum
430 3007 558 3082 cogitare
578 3005 614 3063 de
633 3023 682 3063 me
697 3005 822 3074 nescisti,
839 3004 928 3062 debes
942 3005 1107 3062 existimare

161 3115 190 3162 te
206 3105 339 3162 maximis
363 3103 399 3161 de
421 3104 508 3162 rebus
533 3122 551 3161 a
573 3102 658 3160 fratre
681 3121 745 3160 esse
769 3102 892 3160 celatum
903 3120 912 3173 ;
941 3101 985 3159 sin
1009 3112 1108 3160 autem

163 3203 272 3279 aliquid
287 3201 439 3277 impertivit
453 3201 503 3258 tibi
518 3201 562 3258 sui
577 3199 696 3269 consilii,
707 3199 779 3256 lenis
794 3208 852 3257 ate
867 3207 895 3256 et
909 3197 999 3256 facilis
1011 3199 1108 3257 existi·

164 3301 238 3358 mari
252 3300 355 3369 debeo,
367 3299 416 3375 qui
431 3298 501 3356 nihil
515 3308 611 3357 tecum
627 3299 663 3355 de
678 3297 721 3355 his
736 3297 805 3371 ipsis
819 3297 905 3354 rebus
915 3296 1107 3372 expostulem.

166 3395 213 3469 Et,
239 3398 263 3457 si
288 3396 430 3473 intellegis
458 3415 519 3455 non
547 3414 595 3454 me
624 3396 701 3455 dicto
727 3394 845 3465 Metelli,
867 3404 898 3452 ut
922 3393 1033 3466 scribis,
1055 3393 1109 3454 sed
