2348 3788
71 211 115 273 cp.
132 195 194 281 56]Ί
272 207 384 256 arm-r.
406 207 455 255 ar>
477 207 643 258 arricum
665 210 742 266 vrri,
771 213 819 262 11.
953 213 1009 276 141

68 360 163 416 natori
181 377 281 417 cursus
302 359 455 429 secundus,
471 359 585 417 medico
604 359 688 430 salus,
704 357 869 434 imperatori
888 358 1012 430 victoria,

68 459 110 515 sic
136 458 202 516 huic
226 457 402 515 moderatori
423 457 463 515 rei
484 439 730 532 publicaebeata¹
744 448 847 530 civium
868 456 926 514 vita
947 475 1014 533 pro-

69 557 165 632 posita
184 565 281 626 estut
300 557 406 631 opibus
426 556 516 624 firma,
532 555 623 629 copiis
642 554 780 630 locuples,
798 554 888 628 gloria
908 554 1013 629 ampla,

69 653 171 710 virtute
199 653 321 710 honesta
350 653 403 724 sit;
439 651 524 710 huius
553 652 630 709 enim
658 653 754 728 operis
789 651 908 710 maximi
940 653 1015 710 inter

70 749 204 807 homines
226 759 312 825 atque
333 750 433 825 optimi
454 750 534 806 illum
558 768 622 808 esse
647 749 838 825 perfectorem
862 746 943 808 volo?
988 770 1013 809 2.
1091 805 1093 810 .

71 847 140 905 Hoc
164 847 283 905 Gnaeus
306 859 404 905 noster
428 865 496 905 cum
520 857 606 904 antea
629 865 799 922 numquam,
821 856 883 904 tum
909 847 938 904 in
959 847 1015 906 hac

71 963 159 1002 causa
183 946 301 1002 minime
323 944 477 1020 cogitavit:
500 945 660 1003 dominatio
682 945 813 1019 quaesita
833 945 870 1002 ab
891 953 1015 1021 utroque

72 1052 116 1100 est
140 1061 201 1099 non
216 1042 245 1100 id
259 1053 364 1111 actum,
378 1042 464 1099 beata
478 1051 506 1098 et
520 1041 642 1100 honesta
656 1042 754 1099 civitas
774 1051 805 1099 ut
824 1051 909 1099 esset.
951 1041 1016 1101 Nec

72 1157 141 1197 vero
163 1140 208 1197 ille
226 1140 329 1197 urbem
347 1139 469 1213 reliquit,
485 1140 565 1215 quod
582 1158 648 1214 eam
666 1140 738 1197 tueri
753 1158 814 1197 non
833 1150 941 1214 posset,
961 1159 1017 1198 nec

72 1236 196 1306 Italiam,
219 1237 298 1312 quod
321 1254 356 1293 ea
377 1236 536 1311 pelleretur,
559 1237 611 1294 sed
635 1235 691 1294 hoc
714 1254 731 1294 a
755 1237 850 1313 primo
875 1236 1016 1311 cogitavit,

73 1352 177 1392 omnes
199 1343 297 1403 terras,
319 1334 418 1390 omnia
443 1335 533 1391 maria
557 1352 682 1404 movere,
704 1352 788 1409 reges
813 1334 951 1391 barbaros
973 1334 1016 1390 in·

75 1434 169 1500 citare,
185 1441 287 1507 gentes
302 1430 376 1490 seras
391 1441 515 1488 armatas
529 1432 559 1488 in
574 1431 688 1488 ltaliam
707 1432 861 1501 adducere,
876 1432 1018 1490 exercitus

75 1531 218 1588 conficere
232 1530 384 1586 maximos
421 1527 523 1586 Genus
538 1529 606 1586 illud
621 1528 730 1586 Sullani
744 1530 826 1605 regni
837 1529 894 1586 iam
906 1530 1019 1605 pridem

76 1628 226 1703 appetitur,
246 1627 350 1696 multis,
366 1627 415 1701 qui
435 1645 496 1684 una
516 1637 592 1698 sunt,
613 1627 804 1702 cupientibus.
846 1627 895 1684 An
916 1645 1019 1686 censes

76 1724 145 1781 nihil
161 1726 232 1782 inter
246 1741 298 1781 eos
313 1724 475 1794 convenire,
491 1724 601 1781 nnllam
615 1725 781 1799 pactionem
796 1725 857 1781 fieri
871 1725 1018 1800 potuisse?

76 1824 163 1880 hodie
175 1831 291 1898 potest;
307 1821 359 1879 sed
373 1823 466 1878 nentri
476 1825 573 1879 σκοπὸς
588 1833 630 1880 est
645 1821 699 1893 ille,
709 1831 741 1879 ut
756 1839 810 1880 nos
824 1823 900 1880 beati
915 1823 1019 1880 simus:

77 1932 196 1995 uterque
221 1937 341 1994 regnare
364 1919 431 1976 volt.
482 1939 508 1994 3.
537 1918 622 1978 Haec
645 1938 663 1977 a
686 1929 714 1977 te
739 1920 873 1978 invitatus
899 1921 1020 1978 breviter

77 2018 200 2094 exposui
210 2037 219 2090 ;
241 2016 354 2074 voluisti
375 2017 452 2073 enim
475 2035 530 2086 me,
553 2017 623 2092 quid
645 2018 681 2076 de
701 2017 746 2075 his
767 2017 850 2076 malis
875 2018 1020 2086 sentirem,

78 2116 238 2175 ostendere.
280 2116 449 2187 Προθεσπίζω
464 2113 556 2189 igitur,
569 2125 667 2172 noster
682 2115 784 2185 Attice,
795 2134 856 2172 non
867 2115 1019 2186 hariolans²

78 2225 110 2272 ut
124 2214 178 2283 illa,
192 2212 238 2270 cui
252 2227 340 2268 nemo
356 2209 484 2279 credidit,
498 2211 550 2268 sed
565 2212 728 2270 coniectura
742 2213 939 2288 prospiciens:
1000 2263 1003 2268 Α

370 2316 461 2376 iamque
478 2317 535 2362 mari
552 2331 655 2381 magno.
669 2352 674 2365 .
688 2351 713 2367 ..

80 2417 151 2476 Non
185 2415 284 2486 multo,
313 2415 442 2490 inquam,
471 2433 554 2474 secus
586 2434 708 2492 possum
742 2417 888 2476 vaticinari
899 2437 908 2490 ;
943 2427 1022 2477 tanta

78 2516 223 2574 malorum
244 2513 392 2588 impendet
405 2514 491 2570 Ἰλιάς.
534 2515 631 2589 Atque
652 2514 709 2574 hoc
728 2525 828 2574 nostra
846 2517 959 2592 gravior
978 2526 1023 2574 est

79 2632 174 2681 causa,
191 2612 240 2687 qui
254 2611 334 2668 domi
349 2629 458 2681 sumus,
470 2629 559 2686 quam
574 2612 696 2684 illorum,
706 2615 755 2689 qui
770 2632 828 2672 una
842 2615 1022 2683 transierunt,

79 2712 160 2788 quod
175 2711 212 2768 illi
227 2708 348 2766 alterum
363 2720 503 2779 metuunt,
519 2728 574 2768 nos
593 2723 756 2788 utrumque.
799 2731 826 2784 4.
849 2711 909 2770 Cur
929 2713 1022 2788 igitur,

80 2809 184 2883 inquis,
196 2807 406 2864 remansimus?
426 2796 470 2864 vel
485 2808 536 2866 tibi
551 2797 698 2884 paruimus
713 2810 757 2867 vel
772 2827 832 2867 non
845 2810 1024 2868 occurrimus

80 2906 125 2962 vel
140 2905 195 2962 hoc
210 2905 261 2962 luit
275 2905 387 2962 rectius
424 2903 605 2976 Concnlcari,
617 2906 744 2983 inquam,
760 2907 895 2966 miseram
909 2907 1023 2965 Italiam

80 3005 190 3060 videbis
212 3002 344 3076 proxima
365 3013 472 3060 aestate
487 3007 504 3068 †
519 3013 567 3062 aut
587 3004 736 3079 utriusque
760 3005 790 3061 in
814 3005 965 3080 mancipiis
987 3021 1024 3062 ex

81 3103 161 3158 omni
176 3118 281 3173 genere
297 3098 432 3168 collectis,
447 3117 501 3157 nec
521 3110 579 3157 tam
593 3102 766 3176 proscriptio
786 3101 1023 3176 pertimescenda,

80 3219 154 3275 quae
168 3197 305 3256 Luceriae
320 3196 416 3254 multis
438 3198 620 3256 sermonibus
643 3199 811 3259 denuntiata
829 3217 893 3256 esse
914 3198 1023 3268 dicitur,

81 3313 170 3370 quam
189 3298 207 3358 †
226 3293 388 3351 universam
410 3294 554 3352 interitus:
576 3305 669 3353 tantas
694 3296 723 3352 in
746 3295 932 3369 confligendo
957 3297 1024 3353 utri-

82 3411 174 3469 usque
196 3392 270 3448 vires
295 3389 380 3448 video
405 3389 522 3449 futuras
564 3391 668 3452 Habes
691 3393 887 3452 coniecturam
911 3411 1023 3465 meam3
