2356 3810
117 254 161 316 ap.
179 236 234 324 35]
293 250 407 302 aaran.
429 250 479 299 Ao
500 232 723 301 FAMILIARES
747 252 825 302 vm.
849 237 878 301 6.
1000 255 1057 298 101

115 399 167 457 tibi
189 399 225 457 de
246 409 307 458 tota
327 418 358 458 re
378 409 462 459 esset.
504 401 601 472 Nunc,
623 402 646 460 si
667 401 704 460 ad
725 401 803 460 illam
823 418 968 459 summam
988 400 1060 458 veri-

114 507 205 555 tatem
232 497 393 572 legitimum
418 499 462 556 ius
495 500 633 574 exegeris,
663 499 824 557 cavendum
856 499 906 556 tibi
938 498 989 555 erit
1022 516 1060 555 ne

114 613 219 670 parurn
247 595 413 671 simpliciter
436 606 464 654 et
492 597 614 672 candide
642 596 805 672 deposuisse
834 595 997 653 inimicitias
1019 595 1060 652 vi·

115 693 218 751 dearis.
260 693 296 750 In
320 692 396 751 hanc
421 704 533 770 partem
557 712 644 770 porro
668 704 761 752 tutum
786 693 837 750 tibi
861 693 921 762 erit,
945 693 1060 768 siquid

113 789 246 859 volueris,
264 790 433 865 gratificari3
458 809 546 849 nemo
563 792 640 849 enim
660 791 870 850 necessitudine
889 800 917 848 et
936 791 1061 848 amicitia

113 896 143 944 te
163 886 328 944 deterritum
349 889 386 946 ab
405 888 502 946 officio
522 888 605 948 dicet.
647 889 723 946 Illud
742 889 812 946 mihi
831 888 962 956 occurrit,
981 886 1061 962 quod

113 986 189 1042 inter
208 985 434 1059 postulationem
455 995 484 1044 et
504 987 631 1046 nominis
649 987 824 1045 delationem
842 1003 916 1043 uxor
934 1003 952 1043 a
970 985 1060 1042 Dola-

113 1082 191 1138 bella
208 1083 348 1141 discessit.
392 1101 418 1141 2.
441 1083 520 1156 Quid
540 1085 611 1142 mihi
640 1085 793 1142 discedens
821 1083 974 1152 mandaris,
999 1101 1060 1140 me-

113 1180 203 1252 mini;
226 1181 296 1255 quid
316 1198 373 1257 ego
394 1181 444 1239 tibi
466 1182 636 1257 scripserim,
658 1191 690 1240 te
707 1199 768 1240 non
790 1182 909 1239 arbitror
930 1180 1060 1238 oblitum.

115 1277 187 1335 Non
202 1289 245 1336 est
259 1279 316 1336 iam
330 1288 445 1354 tempus
460 1278 542 1354 plura
560 1279 703 1338 narrandi.
744 1279 844 1337 Unum
859 1279 928 1335 illud
942 1296 1061 1336 monere

115 1385 145 1432 te
168 1393 306 1449 possum:
330 1377 354 1434 si
374 1394 420 1434 res
442 1377 493 1434 tibi
516 1395 577 1435 non
598 1377 767 1451 displicebit,
789 1387 887 1434 tamen
909 1375 966 1433 hoc
987 1385 1061 1433 tem-

116 1490 189 1549 pore
210 1473 279 1530 nihil
298 1474 335 1532 de
353 1483 403 1531 tua
421 1473 569 1532 voluntate
589 1473 735 1544 ostendas,
754 1483 784 1532 et
802 1482 953 1550 exspectes
972 1491 1066 1548 quern

116 1570 154 1628 ad
182 1571 304 1628 modum
334 1580 418 1629 exeat
447 1589 484 1629 ex
514 1571 570 1629 hac
598 1588 700 1643 causa;
733 1571 859 1646 denique
888 1571 1061 1628 invidiosum

116 1669 168 1724 tibi
196 1669 240 1739 sit,
269 1670 293 1727 si
322 1669 476 1740 emanarit3
508 1686 606 1745 porr0,
633 1669 664 1726 si
694 1668 864 1744 significatio
892 1668 949 1726 ulla
976 1669 1062 1726 inter·

117 1767 242 1836 cesserit,
263 1767 374 1837 clarius,
391 1785 480 1842 quam
501 1768 603 1825 deceat
624 1775 674 1824 aut
694 1767 836 1841 expediat,
856 1767 913 1824 fiat.
956 1765 1061 1841 Neque

116 1863 163 1920 ille
184 1873 278 1921 tacere
299 1882 365 1921 eam
385 1882 448 1921 rem
468 1863 580 1938 poterit,
600 1868 674 1940 qnae
696 1881 765 1922 suae
788 1865 851 1940 spei
871 1874 931 1921 tarn
952 1881 1061 1939 oppor-

109 1971 187 2018 tuna
215 1961 350 2019 acciderit
379 1979 513 2036 quaeque
545 1962 575 2019 in
608 1961 727 2036 negotio
760 1961 943 2019 conficiendo
978 1970 1060 2018 tanto

116 2059 250 2117 illustrior
270 2060 339 2130 erit;
357 2075 433 2128 ‘curn
453 2059 621 2134 praesertim
641 2059 666 2117 is
687 2060 732 2129 sit,
747 2059 805 2134 qui,
819 2059 844 2117 si
864 2058 1059 2134 perniciosum

116 2158 202 2215 sciret
229 2174 292 2216 esse
319 2157 400 2232 loqui
427 2156 464 2214 de
491 2156 546 2214 hac
570 2174 610 2227 re,
630 2156 678 2213 vix
705 2165 803 2213 tamen
831 2173 863 2214 se
890 2156 1059 2214 contineret.

118 2274 146 2329 3.
168 2255 325 2330 Pompeius
344 2255 448 2312 dicitur
467 2253 551 2311 valde
571 2271 626 2329 pro
646 2255 744 2330 Appio
764 2254 904 2322 laborare,
923 2263 954 2310 ut
973 2253 1060 2311 etiarn

116 2362 219 2429 putent
238 2353 357 2410 alterum
374 2360 470 2409 utrum
485 2350 522 2408 de
541 2350 605 2408 filiis
625 2351 663 2408 ad
681 2361 709 2408 te
726 2351 890 2409 missurum.
933 2350 991 2408 Hic
1005 2369 1061 2410 nos

116 2470 221 2509 omnes
243 2451 435 2522 absolvimus;
465 2459 494 2508 et
516 2449 647 2508 hercules
671 2460 830 2525 consaepta
854 2449 954 2507 omnia
975 2450 1062 2509 foeda

116 2559 145 2606 et
173 2548 327 2606 inhonesta
355 2557 430 2605 suut.
483 2546 627 2606 Consules
654 2558 751 2606 autern
779 2547 920 2605 habemus
948 2566 1062 2606 summa

117 2645 281 2721 diligentia;
303 2645 398 2702 adhuc
414 2654 532 2702 senatus
547 2644 711 2703 consultum
731 2645 786 2703 nisi
804 2645 840 2702 de
854 2645 931 2702 feriis
950 2643 1062 2703 Latinis

116 2744 228 2800 nullum
242 2743 337 2801 facere
356 2751 520 2818 potuerunt.
557 2741 676 2801 Curioni
695 2753 796 2802 nostro
813 2743 973 2800 tribunatus
992 2760 1061 2800 con-

116 2842 230 2917 glaciat.
272 2859 299 2912 4.
322 2840 381 2898 Sed
405 2840 461 2898 dici
481 2859 542 2899 non
563 2850 668 2915 potest,
692 2859 751 2918 quo
776 2841 866 2899 modo
893 2840 941 2898 hic
962 2842 1061 2898 omnia

116 2941 245 2997 iaceant:
268 2939 322 2995 nisi
344 2955 400 3012 ego
422 2955 490 2996 cum
510 2939 678 2996 tabernariis
698 2948 726 2997 et
745 2939 869 3014 aquariis
890 2955 1060 3013 pugnarem,

116 3046 250 3094 veternus
275 3036 418 3094 civitatem
441 3046 620 3113 occupasset.
663 3036 693 3094 Si
718 3036 814 3094 Parthi
836 3053 889 3094 vos
912 3035 982 3093 nihil
1005 3036 1062 3093 cal·

116 3134 225 3202 ficiunt,
247 3151 302 3192 nos
323 3153 376 3191 non
397 3134 466 3191 nihil
487 3134 593 3210 frigore
613 3135 791 3210 rigescimus.
842 3133 966 3204 Tamen,
987 3152 1061 3208 quo·

117 3249 177 3308 quo
197 3232 287 3289 modo
307 3231 408 3306 potuit,
427 3232 489 3288 sine
509 3231 621 3290 Parthis
640 3232 759 3290 Bibulus
778 3233 808 3288 in
827 3231 943 3289 Amano
961 3233 1061 3290 nescio

116 3329 187 3404 quid
223 3328 462 3386 cohorticularum
495 3329 597 3387 amisit.
639 3329 709 3388 Hoc
739 3330 781 3388 sic
813 3331 976 3387 nuntiatum
1009 3339 1061 3387 est.

119 3444 144 3503 5.
169 3426 260 3498 Quod
280 3427 330 3483 tibi
352 3444 438 3502 supra
462 3427 562 3502 scripsi
584 3424 741 3485 Curionem
762 3427 844 3486 valde
868 3427 979 3501 frigere,
1002 3427 1060 3486 iam
