2348 3788
66 203 228 288 apuam]
281 216 392 268 arran
415 217 464 266 An
485 219 649 270 Arrroum
667 222 715 270 rr.
744 206 792 271 18.
945 222 1005 292 159

65 383 114 423 me
133 365 190 423 mei
209 365 332 424 similem
348 384 412 426 esse
431 376 460 426 et
477 367 540 426 illos
560 368 611 427 sui.
654 373 681 427 3.
703 368 752 427 Tu
770 367 856 427 velim
875 367 947 425 mihi
967 367 1006 425 ad

65 464 169 521 urbem
183 473 298 538 praesto
313 466 361 534 sis,
376 476 408 523 ut
427 467 483 524 tuis
502 467 629 524 consiliis
648 477 735 542 atque
756 467 870 542 opibus,
884 475 916 523 ut
934 483 1006 524 con·

66 561 155 632 suevi,
170 560 200 618 in
221 562 357 620 omnibus
377 563 464 621 rebus
485 574 556 622 utar.
597 563 749 622 Dolabella
768 574 819 622 tuo
840 561 911 621 nihil
931 564 1005 621 scito

65 657 137 713 mihi
161 676 225 716 esse
248 658 410 717 iucundius
453 659 541 718 Hanc
565 661 639 719 adeo
663 660 778 719 habebo
802 662 922 736 gratiam
946 660 1003 730 illi;

66 772 162 829 neque
176 755 254 812 enim
268 756 347 813 aliter
361 756 454 815 iacere
473 758 593 833 poterit:
614 765 695 816 tanta
713 757 775 816 eius
793 757 966 829 humanitas,
980 756 1005 814 is

66 871 178 926 sensus,
194 872 229 912 ea
242 854 272 911 in
285 873 333 912 me
348 865 392 912 est
404 855 622 915 benevolentia!

238 1074 240 1079 ¹
283 1006 330 1078 or.
373 1001 429 1060 AD
451 1001 719 1062 Armenium.
744 1006 789 1060 18.

123 1113 188 1176 Scn.
204 1115 310 1175 Arrun
330 1117 629 1176 r.u.1v.Kmarr1ms
649 1117 776 1176 Amnis
796 1135 877 1177 nuc.
896 1129 964 1191 705.

381 1241 483 1281 cronno
504 1241 610 1282 rrmco
631 1239 691 1280 sar..

112 1357 138 1396 1.
160 1337 331 1404 Urnuuom:
355 1355 391 1394 ex
411 1348 463 1394 tuo
485 1337 622 1394 consilio:
647 1354 716 1394 nam
737 1345 766 1394 et
786 1335 878 1394 oratio
898 1335 950 1394 fuit
971 1355 1006 1394 ea

67 1444 175 1505 nostra,
196 1446 228 1493 ut
250 1436 326 1493 bene
351 1435 448 1511 potius
473 1435 518 1492 ille
543 1434 579 1492 de
603 1435 689 1493 nobis
713 1435 896 1504 existimaret,
917 1453 1006 1510 quam

67 1535 174 1609 gratias
198 1543 304 1608 ageret,
325 1542 354 1590 et
377 1533 408 1589 in
430 1550 466 1589 eo
490 1533 659 1602 mansimus,
679 1551 717 1591 ne
741 1533 779 1591 ad
802 1533 912 1591 urbem.
953 1531 1007 1590 Illa

68 1631 237 1700 fefellerunt,
263 1629 376 1687 facilem
402 1629 481 1704 quod
505 1641 690 1706 putaremus:
718 1629 789 1688 nihil
815 1630 873 1688 vidi
900 1631 1004 1688 minus¹

68 1729 210 1786 Damnari
224 1746 255 1787 se
270 1738 370 1786 nostro
389 1727 504 1798 iudicio,
518 1728 658 1786 tardiores
676 1727 739 1787 fore
758 1728 893 1803 reliquos
908 1729 932 1787 si
950 1745 1005 1786 nos

68 1844 130 1884 non
157 1826 327 1894 venerimus,
356 1825 466 1895 dicere;
502 1842 566 1900 eg0,
596 1825 764 1883 dissimilem
796 1826 909 1884 illorum
941 1843 1005 1883 esse

68 1941 194 1981 causam
224 1922 300 1981 Cum
311 1923 416 1980 multa:
430 1924 508 1980 ‘veni
518 1924 603 1997 igitur
613 1933 641 1980 et
652 1941 706 1998 age
722 1922 758 1981 de
772 1921 862 1997 pace!
887 1922 1004 1992 Meone,

68 2025 197 2097 inquam,
211 2022 367 2079 arbitratu?
410 2021 476 2081 ‘An
496 2018 563 2079 tibi'
578 2022 670 2097 inquit
684 2031 758 2096 ‘ego
778 2021 1004 2097 praescribami'

69 2120 126 2189 Sic,
140 2121 267 2195 inquam,
282 2138 377 2195 agam,
392 2120 504 2177 senatui
525 2137 586 2178 non
606 2119 721 2194 placere
741 2119 772 2176 in
793 2117 952 2193 Hispanias
973 2118 1005 2175 iri

68 2238 124 2276 nec
138 2219 280 2277 exercitus
294 2219 324 2275 in
339 2217 493 2277 Graeciam
508 2218 703 2294 transportari,
712 2217 868 2293 multaque,
877 2217 1004 2292 inquam,

69 2317 106 2372 de
122 2314 226 2372 Gnaeo
241 2315 407 2390 deplorabo,
443 2314 523 2372 Tum
536 2315 598 2372 ille:
613 2320 683 2391 ‘ego
697 2332 765 2373 vero
779 2315 834 2372 ista
848 2314 904 2373 dici
917 2310 1004 2372 nolo!

69 2414 115 2470 Ita
134 2413 280 2487 putabam,
298 2414 425 2488 inquam,
441 2412 492 2470 sed
511 2431 567 2488 ego
587 2431 623 2470 eo
643 2413 718 2470 nolo·
731 2413 841 2484 adesse,
857 2412 938 2488 quod
957 2421 1006 2469 aut

69 2511 111 2567 sic
125 2510 195 2566 mihi
210 2511 365 2568 dicendum
380 2521 423 2568 est
436 2511 591 2586 multaque,
603 2529 676 2587 quae
691 2511 770 2568 nullo
784 2509 873 2569 modo
887 2528 1006 2586 possem

70 2608 161 2678 silere,
177 2608 200 2666 si
221 2609 363 2679 adessem,
383 2618 432 2666 aut
452 2627 513 2666 non
533 2609 715 2667 veniendum.
758 2609 879 2668 Summa
899 2609 959 2680 fuit,
974 2621 1006 2668 ut

69 2705 125 2775 ille,
147 2705 229 2780 quasi
250 2707 358 2763 exitum
380 2723 529 2780 quaerens,
546 2710 594 2766 ‘ut
616 2706 820 2765 deliberarem?
863 2706 932 2764 Non
953 2706 1007 2766 fuit

69 2804 246 2876 negandum.
286 2802 330 2861 Ita
349 2802 541 2861 discessimus
584 2802 680 2862 Credo
694 2804 778 2879 igitur
791 2803 869 2864 hunc
883 2824 930 2863 me
944 2825 1006 2864 non
1111 2855 1114 2858 .

69 2919 167 2957 amare
175 2919 183 2971 ;
206 2910 235 2957 at
249 2919 305 2976 ego
319 2919 367 2958 mc
382 2902 483 2972 amavi,
499 2900 579 2977 quod
592 2900 663 2958 mihi
677 2902 736 2959 iam
750 2901 862 2977 pridem
875 2920 930 2961 usu
944 2921 1006 2962 non
1073 2922 1077 2928 ·

68 2998 155 3055 venit.
199 3017 225 3055 2.
244 2997 402 3073 Reliqua,o
418 2998 464 3056 dil
486 2999 535 3074 qui
550 2998 721 3057 comitatusl
743 3017 826 3074 quae,
837 3009 869 3058 ut
883 3010 914 3058 tu
929 3001 1005 3060 soles

69 3097 173 3165 dicere,
189 3099 287 3154 νεκυίαΙ
309 3098 338 3153 in
353 3114 411 3172 qua
425 3107 485 3154 erat
499 3099 517 3164 †
531 3113 581 3154 ero
596 3097 713 3154 sceleri!
733 3115 752 3155 o
767 3116 827 3155 rem
846 3099 1004 3174 perditaml

69 3212 88 3250 0
104 3195 203 3268 copias
218 3195 399 3269 desperatas!
432 3193 519 3266 Quid,
534 3194 607 3269 quod
618 3194 707 3252 Servii
721 3195 803 3265 filius,
818 3196 891 3269 quod
905 3194 1005 3253 Titinii

68 3294 99 3350 in
115 3293 148 3349 iis
163 3293 262 3350 castris
282 3292 405 3361 luerunt,
420 3293 525 3368 quibus
545 3291 701 3367 Pompeius
731 3293 1005 3353 circumsederetur!

69 3409 122 3450 sex
135 3390 284 3465 legiones;
305 3389 426 3446 multum
442 3389 547 3466 vigilat,
562 3389 665 3449 audet:
686 3389 796 3448 nullum
814 3390 898 3449 video
916 3390 1005 3451 finem
