2348 3788
80 225 132 288 ap.
147 209 203 294 m]
304 223 417 272 urrsr.
440 222 489 271 nu
510 223 676 274 armentu
698 225 758 273 νη.
785 229 834 295 13.
965 228 1025 294 129

87 380 195 455 cogitet
215 379 285 450 scio,
305 398 340 439 ac
361 398 422 439 non
443 379 545 439 desino
563 399 616 456 per
636 380 742 440 litteras
759 380 904 440 sciscitari.
947 379 1026 437 Nihil

87 495 151 535 esse
186 463 313 536 timidius
344 487 465 548 constat,
494 478 564 535 nihil
598 461 804 553 perturbatius3
841 477 937 553 itaque
972 495 1026 535 nec

87 573 270 647 praesidium,
303 574 383 633 cuius
417 574 537 650 parandi
572 591 659 631 causa
691 574 729 632 ad
763 575 865 632 urbem
899 583 1027 632 retentus

86 681 138 740 est,
162 688 217 728 nec
245 671 342 728 locum
371 689 405 730 ac
433 671 533 730 sedem
556 670 690 745 praesidii
718 670 806 728 ullam
828 670 929 729 video:
959 689 1027 746 spes

85 768 181 826 omnis
201 768 231 824 in
250 768 363 826 duabus
379 768 517 825 insidiose
535 768 661 838 retentis,
676 785 770 843 paene
789 769 889 827 alienis
907 768 1026 844 legioni·

86 866 148 923 bus.
191 864 269 922 Nam
298 865 418 924 dilectus
446 864 540 923 adhuc
565 865 683 940 quidem
707 866 861 924 invitorum
889 875 985 926 estet
1009 884 1027 924 a

86 963 245 1038 pugnando
269 963 501 1034 abhorrentium;
533 963 740 1021 condicionum
765 973 862 1022 autem
888 964 1027 1022 amissum

61 1105 64 1111 r
85 1069 201 1135 tempus
224 1070 276 1118 est.
318 1059 397 1132 Quid
420 1059 546 1118 futurum
569 1061 613 1131 sit,
632 1080 693 1120 non
712 1062 796 1120 video
807 1081 815 1134 ;
838 1062 1027 1119 commissum

85 1158 204 1233 quidem
222 1176 239 1216 a
257 1157 342 1216 nobis
361 1167 437 1217 certe
457 1167 500 1215 est
522 1159 580 1216 sive
601 1177 619 1217 a
635 1170 736 1218 nostro
757 1160 838 1229 duce,
853 1168 885 1216 ut
904 1177 920 1216 e
940 1168 1027 1235 portu

86 1256 148 1313 sine
167 1255 369 1330 gubernaculis
389 1256 497 1328 egressi
514 1258 677 1331 tempestati
696 1274 751 1316 nos
769 1258 956 1315 traderemus.
1000 1275 1026 1329 3.

86 1352 188 1427 Itaque
212 1354 247 1411 de
269 1351 459 1411 Ciceronibus
483 1354 588 1411 nostris
610 1355 712 1412 dubito
735 1355 808 1430 quid
831 1373 936 1430 agam,
958 1371 1027 1411 nam
1105 1336 1107 1349 ’

86 1449 157 1507 mihi
184 1435 327 1507 interdum
361 1449 536 1507 amandandi
563 1451 695 1510 videntur
722 1434 752 1510 in
785 1451 955 1523 Graeciam3
991 1451 1027 1509 de

86 1548 183 1606 Tullia
201 1559 296 1605 autem
311 1556 339 1605 et
353 1546 497 1616 Terentia,
514 1565 580 1605 cum
595 1546 665 1605 mihi
679 1550 868 1608 barbarorum
887 1548 1027 1608 adventus

87 1646 125 1703 ad
139 1646 240 1703 urbem
254 1644 431 1720 proponitur,
447 1645 546 1702 omnia
557 1647 654 1716 time0,
670 1665 737 1705 cum
751 1658 848 1707 autem
859 1647 1028 1706 Dolabellae

87 1744 164 1801 venit
178 1744 208 1799 in
222 1751 358 1813 mentem,
374 1741 492 1817 paulum
511 1743 628 1817 respiro
672 1742 731 1802 Sed
749 1745 834 1803 velim
851 1746 1027 1817 consideres,
1047 1731 1049 1737 ¹

89 1841 158 1917 quid
179 1840 344 1898 faciendum
369 1849 469 1914 putes:
498 1840 624 1916 primum
647 1845 713 1914 πρὸς
735 1845 766 1899 τὸ
789 1844 1028 1916 dapalis-aliter

89 1939 167 1999 enim
189 1938 259 1995 mihi
282 1937 318 1995 de
343 1937 453 2009 illisae
478 1937 514 1995 de
538 1955 586 1995 me
608 1939 673 2014 ipso
698 1941 909 1999 consulendum
933 1951 1026 2012 est-,
1124 2011 1126 2015 7

53 2048 63 2062 ⁸
90 2037 194 2096 deinde
208 2035 245 2093 ad
259 2035 421 2110 opiniones,
437 2053 474 2092 ne
489 2034 740 2110 reprehendamur,
756 2037 836 2114 quod
850 2056 898 2097 eas
914 2038 1027 2098 Romae

90 2136 209 2193 velimus
232 2151 296 2191 esse
320 2133 350 2189 in
375 2132 524 2190 communi
548 2134 692 2192 bonorum
718 2133 795 2210 luga.
838 2135 917 2208 Quin
941 2138 1029 2195 etiam

91 2235 141 2293 tibi
169 2242 197 2290 et
225 2230 532 2304 Peducaeo—scripsit
559 2230 637 2288 enim
669 2231 707 2289 ad
734 2233 893 2308 me—quid
920 2232 1030 2293 faciatis

91 2331 247 2390 videndum
268 2338 327 2398 est;
349 2329 373 2386 is
394 2328 472 2384 enim
495 2327 632 2404 splendor
653 2341 696 2388 est
720 2342 854 2401 vestrum,
876 2342 907 2390 ut
927 2333 1030 2393 eadem

92 2429 272 2507 postulentur
295 2445 312 2484 a
333 2427 423 2496 vobis,
445 2444 519 2501 quae
542 2427 580 2484 ab
604 2429 788 2504 amplissimis
813 2430 929 2490 civibus.
962 2424 1031 2492 'Sed

92 2530 128 2586 de
149 2527 205 2584 hoc
226 2536 257 2583 tu
278 2524 398 2594 videbis,
418 2524 526 2600 quippe
548 2542 615 2582 cum
636 2525 672 2584 de
694 2528 824 2603 meipso
846 2546 880 2588 ac
900 2528 938 2588 de
958 2531 1031 2589 meis

93 2637 121 2683 te
136 2623 317 2682 considerare
331 2621 424 2680 velim.
467 2642 493 2692 4.
515 2622 670 2698 Reliquum
687 2634 731 2683 est
745 2634 776 2683 ut
795 2636 824 2684 et
837 2626 907 2702 quid
921 2640 1030 2702 agatur,

94 2722 192 2798 quoad
212 2720 327 2796 poteris,
349 2718 483 2794 explores
504 2721 670 2796 scribasque
694 2723 731 2780 ad
752 2741 807 2793 me,
830 2732 858 2781 et
879 2725 949 2801 quid
968 2727 1031 2800 ipse

93 2820 259 2878 coniectura
280 2833 443 2892 assequare,
465 2817 651 2892 quodetiam
672 2838 690 2877 a
711 2829 738 2879 te
759 2821 853 2896 magis
874 2835 1029 2898 exspecto;

93 2936 161 2975 nam
190 2925 254 2973 acta
281 2915 416 2972 omnibus
444 2915 641 2974 nuntiantibus
669 2934 686 2974 a
709 2927 738 2974 te
762 2929 900 2994 exspecto
928 2920 1029 2981 futura.

94 3018 190 3069 Μάντις
214 3014 236 3067 δ’
260 3013 414 3085 ἅριστομ.
456 3011 805 3088 Loquacitatiignosces,
830 3033 905 3090 quae
928 3029 957 3078 et
983 3038 1030 3080 me

92 3112 166 3169 levat
181 3109 218 3167 ad
232 3118 259 3167 te
274 3108 391 3185 quidem
406 3109 579 3170 scribentem
593 3121 621 3170 et
635 3111 709 3171 elicit
723 3121 786 3170 tuas
800 3111 914 3174 litteras.
