2348 3788
131 210 191 275 190
405 206 445 259 Μ.
466 208 585 257 aaran
602 207 789 260 nicanorus
944 199 1063 286 [aaran.

127 363 226 439 copias
245 381 340 441 neque
358 361 526 437 bellicosas;
548 365 660 437 deinde,
675 376 755 426 extra
774 364 879 427 ducem
899 386 1065 446 paucosque

126 462 350 539 praeterea—de
371 463 548 540 principibus
569 464 722 541 loquor—,
742 465 868 542 reliquos
888 468 1018 544 primum
1038 469 1065 526 in

125 561 191 636 ipso
218 560 295 618 bello
319 578 448 636 rapaces,
472 561 577 619 deinde
601 562 631 619 in
655 562 785 621 oratione
810 563 849 620 ita
873 564 1016 636 crudeles,
1037 575 1066 623 ut

124 658 218 733 ipsam
232 658 380 716 victoriam
399 658 564 732 horrerem3
586 661 747 718 maximum
761 672 858 719 autem
873 680 924 721 aes
941 663 1066 721 alienum

125 755 369 831 amplissimorum
382 757 515 816 virorum.
559 755 639 828 Quid
658 759 792 834 quaeris?
812 759 882 817 nihil
895 761 969 818 boni
986 781 1065 838 prae·

123 863 167 911 ter
194 871 322 912 causam.
364 853 449 926 Quae
473 873 540 913 curn
564 855 708 926 vidissem,
732 855 891 932 desperans
915 860 1065 918 victoriam

122 951 248 1027 primum
282 951 367 1028 coepi
400 951 520 1012 suadere
551 970 664 1028 pacem,
692 953 773 1012 cuius
805 953 918 1012 fueram
950 974 1065 1033 semper

123 1059 241 1122 auctor;
275 1050 388 1121 deinde,
413 1068 480 1109 cum
505 1051 542 1108 ab
566 1069 601 1109 ea
626 1050 768 1108 sententia
795 1050 966 1128 Pompeius
986 1056 1065 1114 valde

123 1148 298 1218 abhorreret,
320 1147 440 1207 suadere
460 1148 577 1218 institui,
598 1157 630 1206 ut
649 1148 757 1207 bellum
778 1148 913 1210 duceret:
943 1152 1003 1212 hoc
1023 1155 1064 1211 in-

122 1247 236 1304 terdum
264 1246 406 1322 probabat
432 1255 462 1304 et
489 1246 519 1304 in
543 1264 578 1304 ea
602 1246 744 1304 sententia
770 1246 920 1306 videbatur
946 1248 1011 1308 fore
1038 1262 1065 1309 et

122 1344 223 1403 fuisset
251 1344 380 1415 sortasse,
408 1343 463 1402 nisi
490 1343 616 1420 quadam
643 1361 679 1402 ex
708 1362 807 1420 pugna
834 1346 981 1421 coepisset
1009 1349 1064 1408 suis

123 1444 258 1502 militibus
285 1443 439 1502 confidere.
492 1441 538 1500 Ex
566 1460 602 1501 eo
631 1452 762 1518 tempore
789 1443 831 1500 vir
858 1443 904 1501 ille
933 1462 1064 1506 summus

122 1542 216 1600 nullus
238 1542 392 1616 imperator
410 1540 478 1599 fuit:
500 1540 583 1616 signa
601 1540 695 1598 tirone
710 1549 738 1598 et
757 1541 915 1600 collecticio
936 1545 1064 1602 exercitu

122 1658 189 1697 cum
209 1639 371 1714 legionibus
391 1637 596 1696 robustissimis
616 1637 751 1710 contulit;
783 1639 874 1698 victus
898 1642 1064 1716 turpissime

122 1737 235 1795 amissis
263 1737 350 1794 etiam
379 1736 479 1794 castris
507 1735 587 1794 solus
615 1735 699 1811 fugit.
743 1756 768 1812 3.
793 1736 883 1796 Hunc
911 1756 969 1814 ego
994 1740 1064 1798 mihi

120 1836 187 1893 belli
201 1836 289 1893 finem
303 1835 366 1905 leci,
381 1851 436 1892 nec
450 1834 555 1910 putavi,
570 1852 638 1892 cum
658 1834 762 1910 integri
774 1843 865 1910 'pares
884 1853 946 1893 non
960 1836 1063 1896 luisse·

121 1952 194 2006 mus,
219 1933 327 1992 fractos
354 1933 516 2009 superiores
544 1931 622 2003 fore;
655 1932 774 1991 discessi
798 1934 835 1990 ab
860 1949 896 1992 eo
921 1934 1009 2007 bel10,
1033 1936 1062 1994 in

121 2051 181 2109 quo
204 2042 253 2091 aut
277 2033 307 2090 in
331 2031 392 2090 acie
417 2029 580 2089 cadendum
604 2029 657 2088 fuit
680 2039 730 2088 aut
753 2030 784 2088 in
807 2030 916 2105 aliquas
944 2031 1063 2092 insidias

121 2130 310 2189 incidendum
332 2137 382 2187 aut
406 2128 616 2187 deveniendum
640 2128 671 2185 in
692 2128 805 2186 victoris
826 2147 933 2187 manus
953 2141 1005 2188 aut
1027 2132 1063 2190 ad

121 2229 225 2287 Iubam
257 2227 485 2302 confugiendum
515 2236 564 2285 aut
591 2225 748 2302 capiendus
779 2235 929 2302 tamquam
961 2230 1062 2289 exsilio

120 2326 201 2384 locus
223 2336 272 2384 aut
288 2324 497 2384 consciscenda
517 2342 596 2383 mors
617 2324 791 2382 voluntaria:
819 2333 896 2382 certe
916 2325 990 2383 nihil
1011 2327 1062 2386 fuit

120 2434 277 2500 praeterea,
299 2424 371 2482 site
393 2423 492 2480 victori
512 2422 604 2480 nolles
628 2431 676 2479 aut
700 2439 760 2479 non
783 2421 904 2480 auderes
926 2415 1061 2481 cdinmit-

119 2531 187 2580 tere.
237 2520 283 2579 Ex
310 2520 444 2578 omnibus
472 2529 569 2576 autem
596 2519 639 2589 iis,
668 2537 742 2594 quae
771 2518 838 2589 dixi,
866 2520 1061 2579 incommodis

118 2619 189 2678 nihil
213 2619 387 2677 tolerabilius
409 2617 518 2688 exsili0,
539 2617 709 2692 praesertim
730 2617 887 2687 innocenti,
908 2618 958 2674 ubi
981 2619 1060 2677 nulla

117 2718 252 2776 adiuncta
269 2727 313 2774 est
331 2715 495 2792 turpitudo;
517 2715 594 2773 addo
614 2716 710 2786 etiarn,
725 2733 792 2773 cum
809 2733 844 2773 ea
862 2716 933 2773 urbe
952 2734 1059 2788 careas,

116 2817 147 2875 in
171 2833 229 2893 qua
252 2814 322 2872 nihil
349 2815 393 2885 sit,
417 2814 496 2891 quod
521 2813 616 2872 videre
640 2813 735 2889 possis
764 2814 826 2871 sine
852 2812 969 2872 dolore:
1001 2833 1059 2890 ego

117 2933 185 2974 cum
209 2913 290 2983 meis,
316 2913 339 2970 si
364 2914 518 2989 quicquam
543 2930 622 2970 nunc
647 2913 816 2986 cuiusquam
841 2922 893 2983 est,
916 2913 1003 2970 etiam
1028 2916 1058 2972 in

116 3015 189 3075 meis
217 3029 281 3070 esse
309 3011 405 3068 malui.
447 3029 474 3082 4.
497 3009 581 3080 Quae
605 3008 779 3079 acciderunt,
802 3010 901 3067 omnia
929 3010 987 3067 dixi
1012 3011 1057 3070 fu·

117 3123 197 3184 tura3
226 3109 291 3167 veni
317 3109 444 3178 domum,
470 3125 531 3165 non
559 3125 617 3182 quo
645 3108 757 3180 optima
781 3107 893 3164 vivendi
921 3108 1056 3169 condicio

116 3220 201 3279 esset,
229 3209 281 3268 sed
311 3217 417 3277 tamen,
443 3207 467 3264 si
495 3215 571 3264 esset
598 3205 693 3282 aliqua
720 3205 816 3263 sorma
844 3207 884 3264 rei
913 3207 1054 3281 publicae,

115 3318 263 3385 tamquam
288 3307 318 3364 in
340 3306 431 3382 patria
455 3314 485 3362 ut
507 3322 610 3374 essem,
632 3304 655 3361 si
680 3303 757 3360 nulla
779 3314 926 3378 tamquam
948 3305 977 3361 in
1003 3325 1054 3364 ex-

115 3407 190 3466 silio.
231 3405 358 3464 Mortem
380 3403 450 3462 mihi
475 3421 525 3462 cur
553 3403 762 3462 consciscerem
797 3419 886 3460 causa
907 3420 969 3461 non
993 3406 1053 3468 visa
