2356 3810
182 199 242 280 17⁶
448 212 488 264 Μ.
513 213 635 263 rurrrr
656 215 844 263 arcanorum
992 200 1060 286 [Pars
1076 215 1121 266 111.

178 363 350 439 Pompeium
374 381 428 420 nec
452 363 579 422 nominis
601 364 645 421 sui
667 381 722 422 nec
743 381 838 423 rerum
859 373 1006 440 gestarum
1026 365 1121 440 gloria

178 479 273 536 neque
287 461 373 531 etiam
387 477 488 533 regum
503 477 537 516 ac
551 460 703 517 nationum
718 460 865 529 clientelis
881 479 953 536 quas
974 471 1120 519 ostentare

178 560 279 616 crebro
301 556 419 624 solebat,
441 575 505 614 esse
530 565 630 627 tutum,
653 567 682 615 et
710 557 766 616 hoc
795 559 890 623 etiam,
912 559 992 634 quod
1016 559 1119 615 infimo
1155 593 1158 600 ·

178 657 283 730 cuique
310 653 438 728 contigit,
467 654 505 710 illi
533 672 594 711 non
621 672 709 730 posse
737 656 912 730 contingere,
938 666 969 714 ut
990 649 1120 714 'honeste

179 753 305 828 effugere
332 751 433 826 possit,
460 750 545 826 pulso
578 750 668 822 Italia,
697 753 809 811 arnissis
843 752 1002 827 Hispaniis,
1031 764 1119 827 capto

178 848 304 906 exercitu
330 856 474 918 veterano,
503 847 715 906 circumvallato
745 866 823 906 nunc
855 848 999 923 denique3
1037 849 1118 931 quod

178 945 277 1004 nescio
305 963 342 1002 an
370 944 439 1001 nulli
471 962 610 1019 umquam
642 956 743 1004 nostro
775 946 910 1005 acciderit
944 947 1119 1023 imperatori.

178 1042 276 1114 Quam
290 1044 329 1100 ob
343 1060 413 1111 rem,
429 1041 498 1117 quid
512 1051 561 1100 aut
574 1042 620 1101 ille
635 1061 751 1118 sperare
765 1044 857 1119 possit
872 1053 921 1101 aut
936 1055 974 1114 m,
986 1046 1118 1106 animum

178 1142 293 1199 adverte
314 1157 368 1214 pro
388 1147 438 1197 tua
458 1138 610 1213 prudentia
617 1157 625 1209 ;
647 1140 688 1197 sic
711 1141 788 1199 enirn
809 1140 941 1200 facillime
963 1145 1045 1219 quod
1067 1147 1117 1204 tibi

177 1246 357 1306 utilissimum
372 1245 424 1301 erit
439 1244 552 1302 consilii
566 1245 671 1320 capies.
713 1244 788 1305 Illud
802 1257 898 1303 autem
912 1267 931 1304 a
945 1257 973 1305 te
989 1259 1067 1323 pet0,
1078 1262 1117 1320 ut,

178 1346 202 1403 si
226 1345 284 1402 iarn
308 1343 353 1400 ille
378 1341 521 1399 evitaverit
545 1340 602 1399 hoc
627 1343 785 1416 periculum
809 1352 838 1400 et
862 1362 893 1402 se
919 1345 1061 1405 abdiderit
1088 1350 1117 1406 in

177 1443 307 1511 classem,
330 1450 361 1498 tu
381 1439 436 1497 tuis
456 1439 543 1497 rebus
564 1439 697 1497 consulas
719 1449 747 1498 et
768 1441 923 1516 aliquando
944 1443 995 1500 tibi
1019 1447 1117 1520 potius

88 1546 91 1552 '
177 1558 265 1616 quam
286 1537 374 1597 cuivis
395 1537 434 1594 sis
455 1536 581 1594 amicus:
607 1538 674 1594 satis
700 1537 806 1594 sactum
831 1549 874 1596 est
895 1540 953 1596 iarn
977 1559 995 1598 a
1019 1552 1048 1600 te
1073 1546 1116 1602 vel

177 1638 272 1696 officio
293 1635 337 1693 vel
358 1634 553 1704 familiaritate,
569 1635 638 1693 satis
660 1634 767 1693 factum
786 1637 872 1694 etiam
891 1639 1020 1713 partibus
1041 1652 1070 1700 et
1089 1646 1115 1701 ei

177 1736 217 1793 rei
236 1734 375 1810 publicae,
391 1750 478 1807 quam
498 1741 528 1791 tu
542 1733 695 1809 probabas.
739 1752 765 1807 3.
788 1733 943 1810 Reliquum
957 1746 1001 1796 est
1016 1746 1054 1807 ul,
1066 1741 1115 1798 ubi

177 1851 255 1891 nunc
276 1841 319 1890 est
339 1849 383 1888 res
404 1829 526 1906 publica,
545 1830 584 1888 ibi
606 1831 696 1888 simus
717 1831 813 1906 potins
834 1851 930 1908 quarn,
945 1834 1015 1892 dum
1037 1838 1116 1896 illam

176 1941 301 1989 veterem
328 1947 490 2005 sequamur,
515 1927 604 1987 simus
628 1930 658 1986 in
682 1929 770 1987 nulla.
812 1929 879 2001 Qua
903 1949 933 1988 re
957 1933 1050 2006 velim,
1074 1939 1114 1994 mi

177 2027 379 2086 iucundissime
396 2024 509 2095 Cicero,
525 2026 548 2084 si
563 2025 636 2084 forte
650 2025 807 2102 Pompeius
822 2028 922 2103 pulsus
936 2029 981 2087 his
996 2049 1116 2108 quoque

176 2126 247 2184 locis
268 2142 365 2182 rursus
390 2123 458 2181 alias
483 2123 616 2198 regiones
641 2133 738 2199 petere
764 2135 891 2201 cogatur,
913 2137 945 2184 ut
963 2137 995 2186 tu
1017 2139 1046 2188 te
1071 2134 1116 2190 vel

177 2224 307 2282 Athenas
322 2222 366 2280 vel
380 2221 409 2279 in
424 2222 554 2297 quamvis
568 2222 694 2296 quietam
712 2224 832 2298 recipias
852 2225 1010 2297 civitatem;
1034 2231 1116 2303 quod

177 2323 201 2380 si
222 2321 277 2379 eris
298 2320 430 2390 facturus,
445 2318 530 2376 velim
548 2317 618 2375 mihi
637 2320 754 2391 scribas,
771 2330 803 2378 ut
821 2339 885 2395 eg0,
902 2323 925 2380 si
944 2323 1003 2381 ullo
1023 2328 1116 2384 modo

177 2429 288 2496 potem,
303 2417 340 2475 ad
359 2429 387 2476 te
401 2417 542 2476 advolem.
585 2415 795 2493 Quaecumque
810 2418 845 2476 de
861 2428 910 2476 tua
924 2419 1063 2494 dignitate
1078 2427 1116 2482 ab

176 2520 349 2591 imperatore
364 2523 447 2572 erunt
461 2514 648 2589 impetranda,
664 2533 722 2591 qua
740 2525 783 2573 est
801 2515 977 2575 humanitate
997 2518 1115 2591 Caesar,

177 2613 343 2672 facillimum
356 2612 409 2669 erit
422 2613 459 2668 ab
478 2629 514 2669 eo
533 2611 656 2686 tibiipsi
676 2613 844 2687 impetrare;
867 2623 895 2671 et
914 2632 995 2674 meas
1016 2626 1116 2678 tamen

176 2728 278 2788 preces
305 2709 383 2784 apud
410 2726 477 2766 eum
501 2726 562 2765 non
586 2708 738 2769 minimum
766 2712 941 2770 auctoritatis
968 2712 1117 2774 habituras

176 2818 258 2885 puto.
288 2806 360 2864 'Erit
377 2816 442 2866 tuae
457 2823 574 2882 quoque
593 2805 660 2864 fidei
674 2816 702 2869 et
716 2807 899 2867 humanitatis
917 2829 1024 2883 curare,
1039 2826 1071 2871 ut
1092 2816 1117 2874 is

176 2905 347 2974 tabellarius,
361 2922 449 2981 quem
467 2904 505 2963 ad
523 2914 551 2963 te
570 2904 643 2977 misi,
658 2893 758 2963 reverti
777 2907 868 2984 possit
887 2907 923 2966 ad
942 2926 990 2967 me
1010 2920 1039 2969 et
1054 2930 1071 2970 a
1087 2925 1116 2973 te

176 3004 246 3064 mihi
259 3004 364 3062 litteras
379 3002 488 3061 referat.
