2356 3810
177 236 236 320 198
449 251 486 302 rr.
510 251 627 299 aaran
650 251 838 300 arcanorum
987 237 1057 320 [Pars
1071 250 1114 299 rv.

173 399 341 473 exprimitur
361 399 509 475 praeclaro
533 400 582 459 illo
605 401 678 459 libro
700 400 889 472 Querelarum
910 408 1043 471 tuarum;
1068 417 1115 458 ac-

173 499 249 556 cedit
284 498 363 574 quod
398 499 517 556 mirifice
551 500 673 575 ingeniis
708 500 922 568 excellentibus,
952 499 1038 574 quale
1073 510 1117 558 est

172 607 262 664 tuum,
292 595 464 666 delectatur;
502 605 649 672 praeterea
679 597 756 656 cedit
787 597 945 655 multorum
976 597 1059 654 iustis
1089 605 1118 653 et

172 694 269 752 officio
297 694 429 765 incensis,
458 712 519 752 non
546 696 680 754 inanibus
707 704 756 753 aut
786 695 954 766 ambitiosis,
983 695 1116 753 volunta-

172 791 257 861 tibus,
271 791 301 847 in
322 808 381 867 quo
395 789 579 850 vehementer
597 810 665 849 eum
684 794 870 850 consentiens
888 791 1005 849 Etruria
1018 810 1117 850 move·

172 889 221 944 bit.
272 908 299 961 9.
322 887 399 945 ‘Cur
428 887 499 946 haec
529 889 615 964 igitur
642 889 737 947 adhuc
767 908 871 966 parum
898 887 1116 965 profecerunti’

174 984 252 1055 Quia
272 1004 333 1042 non
354 994 435 1060 putat
456 1004 487 1044 se
509 987 648 1044 sustinere
670 1005 772 1066 causas
794 1005 880 1063 posse
906 986 1074 1056 multorum,
1094 985 1118 1043 si

172 1084 231 1152 tibi,
252 1085 298 1141 cui
317 1084 418 1142 iustius
439 1084 549 1142 videtur
568 1084 650 1143 irasci
670 1103 766 1161 posse,
787 1086 971 1143 concesserit.
1014 1085 1117 1157 ‘Quae

173 1191 217 1238 est
242 1181 343 1257 igitur’
368 1182 480 1257 inquies
506 1187 590 1258 ‘spes
615 1183 652 1240 ab
676 1182 781 1240 iratol'
815 1181 960 1240 Eodeme
979 1182 1061 1241 fonte
1086 1201 1117 1240 se

171 1275 341 1335 hausturum
377 1280 515 1354 intellegit
550 1280 650 1339 laudes
686 1298 761 1350 suas,
797 1298 814 1339 e
851 1298 910 1358 quo
947 1280 984 1338 sit
1019 1280 1118 1338 leviter

173 1393 316 1451 aspersus.
358 1375 510 1435 Postremo
532 1376 623 1436 homo
645 1377 727 1436 valde
750 1387 793 1437 est
816 1389 916 1437 acutus
941 1388 969 1436 et
993 1378 1117 1435 multum

173 1475 345 1550 providens;
380 1475 519 1551 intellegit
542 1486 579 1546 te,
605 1475 755 1534 hominem
778 1477 809 1534 in
833 1487 913 1552 parte
938 1477 1040 1535 Italiae
1064 1476 1117 1533 mi-

173 1573 251 1629 nime
278 1573 493 1630 contemnenda
519 1572 602 1630 facile
630 1574 760 1631 omnium
789 1575 1001 1632 nobilissimum
1032 1583 1060 1632 et
1087 1575 1117 1631 in

173 1669 322 1727 communi
345 1687 375 1726 re
398 1669 514 1744 publica
538 1671 626 1729 cuivis
651 1690 830 1730 summorum
854 1682 921 1730 tuae
945 1673 1048 1731 aetatis
1072 1673 1118 1731 vel

173 1767 290 1841 ingenio
311 1766 355 1823 vel
376 1767 467 1841 gratia
486 1767 531 1826 vel
551 1767 629 1826 fama
649 1770 749 1845 populi
771 1769 899 1828 Romani
923 1788 1033 1846 parem,
1056 1789 1118 1828 non

173 1882 261 1940 posse
285 1864 430 1940 prohiberi
452 1884 483 1924 re
507 1866 623 1941 publica
645 1867 766 1948 diutius;
794 1868 874 1926 nolet
898 1867 1118 1944 hoc-temporis

173 1963 270 2038 potius
305 1981 369 2021 esse
404 1963 559 2039 aliquando
593 1965 767 2043 beneficium
802 1983 890 2042 quarn
928 1966 986 2023 iam
1023 1984 1118 2024 suurn.

178 2060 313 2120 10.Dixi
340 2061 376 2118 de
404 2061 545 2134 Caesare;
580 2080 659 2120 nunc
687 2062 782 2120 dicam
810 2064 847 2122 de
881 2073 1048 2139 temporum
1076 2082 1119 2121 re-

174 2177 296 2234 rumque
316 2169 433 2217 natura:
455 2178 542 2217 nemo
562 2170 605 2218 est
624 2169 683 2217 tarn
702 2161 836 2219 inimicus
855 2162 882 2219 ei
901 2179 1014 2230 causae,
1030 2180 1120 2237 quam
1152 2202 1154 2206 ι

174 2257 332 2334 Pompeius
349 2259 492 2328 animatus
512 2257 614 2316 melius
633 2277 721 2336 quam
740 2269 857 2335 paratus
879 2269 1054 2335 susceperat,
1070 2261 1121 2334 qui

175 2373 230 2413 nos
257 2355 349 2413 malos
374 2356 450 2413 cives
476 2355 570 2413 dicere
595 2365 645 2414 aut
669 2354 803 2414 homines
831 2357 982 2433 improbos
1004 2357 1120 2415 audeat

175 2452 212 2510 In
229 2470 288 2528 quo
307 2452 441 2509 admirari
458 2451 538 2509 soleo
559 2453 727 2528 gravitatem
749 2463 778 2511 et
799 2454 934 2512 iustitiam
955 2462 984 2511 et
1005 2454 1121 2528 sapien-

174 2550 243 2607 tiam
267 2547 416 2621 Caesaris;
447 2567 607 2625 numquam
632 2551 686 2608 nisi
714 2550 1004 2609 honorificentissime
1030 2551 1120 2610 Pom-

173 2647 271 2721 peium
299 2645 432 2722 appellat.
475 2646 532 2703 ‘At
559 2647 589 2704 in
617 2648 678 2705 eius
706 2667 833 2723 persona
860 2649 949 2706 multa
977 2648 1045 2708 lecit
1073 2669 1120 2709 as·

172 2741 287 2821 perius'
328 2745 487 2802 Armorum
522 2745 575 2803 ista
610 2755 639 2804 et
672 2746 807 2805 victoriae
843 2757 910 2805 sunt
941 2746 1025 2817 facta,
1057 2766 1120 2806 non

173 2842 314 2901 Caesaris.
349 2843 389 2899 At
403 2860 458 2900 nos
473 2860 560 2917 quem
576 2843 613 2900 ad
627 2843 749 2902 modum
764 2853 808 2902 est
822 2845 1010 2920 complexusl
1048 2845 1121 2905 Cas-

173 2941 248 2998 sium
277 2939 329 2996 sibi
354 2939 474 3013 legavit3
506 2938 626 2997 Brutum
652 2939 764 2998 Galliae
788 2940 934 3017 praefecit,
958 2939 1120 3016 Sulpicium

174 3036 332 3108 Graeciae3
370 3035 548 3107 Marcellum,
579 3038 625 3095 cui
659 3040 784 3097 maxime
819 3039 1017 3109 succensebat,
1051 3059 1121 3098 curn

173 3152 287 3192 summa
319 3132 391 3190 illius
420 3133 557 3208 dignitate
590 3134 717 3193 restituit.
764 3153 808 3193 11.
831 3135 899 3206 Quo
928 3136 1012 3210 igitur
1044 3137 1120 3196 haec

173 3232 342 3308 spectanti,
367 3229 477 3288 Rerum
510 3230 567 3288 hoc
598 3242 700 3289 natura
732 3242 761 3289 et
796 3233 920 3290 civilium
950 3243 1119 3309 temporum

172 3349 233 3388 non
260 3329 390 3405 patietur,
416 3346 470 3386 nec
497 3346 619 3387 manens
648 3347 702 3387 nec
727 3341 837 3388 mutata
864 3332 935 3388 ratio
964 3331 1035 3390 feret
1059 3337 1115 3409 pri-

173 3445 263 3498 mum,
291 3437 323 3484 ut
351 3444 411 3484 non
435 3426 464 3483 in
489 3444 576 3486 causa
600 3428 662 3505 pari
686 3428 790 3486 eadem
815 3428 851 3486 sit
875 3438 903 3487 et
927 3429 1063 3489 condicio
1088 3442 1117 3490 et
