<?xml version="1.0" encoding="UTF-8"?>
<!DOCTYPE html PUBLIC "-//W3C//DTD XHTML 1.0 Transitional//EN"
    "http://www.w3.org/TR/xhtml1/DTD/xhtml1-transitional.dtd">
<html xmlns="http://www.w3.org/1999/xhtml" xml:lang="en" lang="en">
 <head>
  <title>
</title>
<meta http-equiv="Content-Type" content="text/html;charset=utf-8" />
  <meta name='ocr-system' content='tesseract 3.04.00' />
  <meta name='ocr-capabilities' content='ocr_page ocr_carea ocr_par ocr_line ocrx_word'/>
</head>
<body>
  <div class='ocr_page' id='page_1' title='image "./epistolaeselect01cicegoog/epistolaeselect01cicegoog_0252.png"; bbox 0 0 2348 3788; ppageno 0'>
   <div class='ocr_carea' id='block_1_1' title="bbox 117 202 1061 290">
    <p class='ocr_par' dir='ltr' id='par_1_1' title="bbox 117 202 1061 290">
     <span class='ocr_line' id='line_1_1' title="bbox 117 202 1061 290; baseline 0.001 -23"><span class='ocrx_word' id='word_1_1' title='bbox 117 202 180 286; x_wconf 84' lang='lat'><strong>23⁶</strong></span> <span class='ocrx_word' id='word_1_2' title='bbox 388 216 426 264; x_wconf 81' lang='lat' dir='ltr'><strong>M.</strong></span> <span class='ocrx_word' id='word_1_3' title='bbox 452 216 571 265; x_wconf 79' lang='lat' dir='ltr'><strong>rurrrr</strong></span> <span class='ocrx_word' id='word_1_4' title='bbox 592 218 780 266; x_wconf 77' lang='lat' dir='ltr'><strong>cronnonrs</strong></span> <span class='ocrx_word' id='word_1_5' title='bbox 949 205 1019 290; x_wconf 67' lang='lat' dir='ltr'><strong>[Pars</strong></span> <span class='ocrx_word' id='word_1_6' title='bbox 1032 221 1061 268; x_wconf 85' lang='lat' dir='ltr'><strong>u.</strong></span> 
     </span>
    </p>
   </div>
   <div class='ocr_carea' id='block_1_2' title="bbox 84 370 1064 3180">
    <p class='ocr_par' dir='ltr' id='par_1_2' title="bbox 95 370 1063 744">
     <span class='ocr_line' id='line_1_2' title="bbox 95 370 1061 450; baseline 0.001 -19"><span class='ocrx_word' id='word_1_7' title='bbox 95 413 97 418; x_wconf 90' lang='lat'>-</span> <span class='ocrx_word' id='word_1_8' title='bbox 117 372 181 431; x_wconf 92' lang='lat' dir='ltr'><strong>urbi</strong></span> <span class='ocrx_word' id='word_1_9' title='bbox 195 381 224 430; x_wconf 92' lang='lat' dir='ltr'><strong>et</strong></span> <span class='ocrx_word' id='word_1_10' title='bbox 237 370 299 430; x_wconf 92' lang='lat' dir='ltr'><strong>otio</strong></span> <span class='ocrx_word' id='word_1_11' title='bbox 316 371 474 430; x_wconf 90' lang='lat' dir='ltr'><strong>diffiderem</strong></span> <span class='ocrx_word' id='word_1_12' title='bbox 490 373 601 432; x_wconf 91' lang='lat' dir='ltr'><strong>urbano</strong></span> <span class='ocrx_word' id='word_1_13' title='bbox 614 393 624 446; x_wconf 90' lang='lat'>;</span> <span class='ocrx_word' id='word_1_14' title='bbox 645 374 698 432; x_wconf 90' lang='lat' dir='ltr'><strong>sed</strong></span> <span class='ocrx_word' id='word_1_15' title='bbox 711 375 750 432; x_wconf 93' lang='lat' dir='ltr'><strong>ita</strong></span> <span class='ocrx_word' id='word_1_16' title='bbox 769 379 940 450; x_wconf 89' lang='lat' dir='ltr'><strong>co&#39;mpressa</strong></span> <span class='ocrx_word' id='word_1_17' title='bbox 953 394 999 432; x_wconf 86' lang='lat' dir='ltr'><strong>res</strong></span> <span class='ocrx_word' id='word_1_18' title='bbox 1013 386 1061 443; x_wconf 87' lang='lat' dir='ltr'><strong>est,</strong></span> 
     </span>
     <span class='ocr_line' id='line_1_3' title="bbox 116 470 1063 547; baseline 0 -18"><span class='ocrx_word' id='word_1_19' title='bbox 116 481 148 529; x_wconf 94' lang='lat' dir='ltr'><strong>ut</strong></span> <span class='ocrx_word' id='word_1_20' title='bbox 162 470 233 527; x_wconf 93' lang='lat' dir='ltr'><strong>mihi</strong></span> <span class='ocrx_word' id='word_1_21' title='bbox 247 470 394 527; x_wconf 90' lang='lat' dir='ltr'><strong>videamur</strong></span> <span class='ocrx_word' id='word_1_22' title='bbox 413 487 502 528; x_wconf 92' lang='lat' dir='ltr'><strong>omne</strong></span> <span class='ocrx_word' id='word_1_23' title='bbox 519 471 576 528; x_wconf 91' lang='lat' dir='ltr'><strong>iam</strong></span> <span class='ocrx_word' id='word_1_24' title='bbox 598 471 635 529; x_wconf 87' lang='lat' dir='ltr'><strong>ad</strong></span> <span class='ocrx_word' id='word_1_25' title='bbox 649 481 764 547; x_wconf 91' lang='lat' dir='ltr'><strong>tempus</strong></span> <span class='ocrx_word' id='word_1_26' title='bbox 785 473 822 529; x_wconf 93' lang='lat' dir='ltr'><strong>ab</strong></span> <span class='ocrx_word' id='word_1_27' title='bbox 842 472 891 530; x_wconf 93' lang='lat' dir='ltr'><strong>illo</strong></span> <span class='ocrx_word' id='word_1_28' title='bbox 912 472 1063 531; x_wconf 84' lang='lat' dir='ltr'><strong>dumtaxat</strong></span> 
     </span>
     <span class='ocr_line' id='line_1_4' title="bbox 117 568 1061 646; baseline 0.002 -20"><span class='ocrx_word' id='word_1_29' title='bbox 117 569 316 627; x_wconf 90' lang='lat' dir='ltr'><strong>sordidissimo</strong></span> <span class='ocrx_word' id='word_1_30' title='bbox 331 568 459 642; x_wconf 90' lang='lat' dir='ltr'><strong>periculo</strong></span> <span class='ocrx_word' id='word_1_31' title='bbox 474 569 526 626; x_wconf 88' lang='lat' dir='ltr'><strong>tuti</strong></span> <span class='ocrx_word' id='word_1_32' title='bbox 542 569 635 628; x_wconf 83' lang='lat' dir='ltr'><strong>futuri.</strong></span> <span class='ocrx_word' id='word_1_33' title='bbox 677 569 801 646; x_wconf 82' lang='lat' dir='ltr'><strong>Reliqua</strong></span> <span class='ocrx_word' id='word_1_34' title='bbox 819 588 929 646; x_wconf 82' lang='lat' dir='ltr'><strong>magna</strong></span> <span class='ocrx_word' id='word_1_35' title='bbox 948 581 1016 629; x_wconf 90' lang='lat' dir='ltr'><strong>sunt</strong></span> <span class='ocrx_word' id='word_1_36' title='bbox 1029 589 1061 629; x_wconf 90' lang='lat' dir='ltr'><strong>ac</strong></span> 
     </span>
     <span class='ocr_line' id='line_1_5' title="bbox 116 665 1062 744; baseline 0.001 -21"><span class='ocrx_word' id='word_1_37' title='bbox 116 667 212 737; x_wconf 87' lang='lat' dir='ltr'><strong>multa,</strong></span> <span class='ocrx_word' id='word_1_38' title='bbox 237 665 289 724; x_wconf 92' lang='lat' dir='ltr'><strong>sed</strong></span> <span class='ocrx_word' id='word_1_39' title='bbox 312 665 409 740; x_wconf 93' lang='lat' dir='ltr'><strong>posita</strong></span> <span class='ocrx_word' id='word_1_40' title='bbox 432 668 531 724; x_wconf 91' lang='lat' dir='ltr'><strong>omnia</strong></span> <span class='ocrx_word' id='word_1_41' title='bbox 555 667 585 724; x_wconf 91' lang='lat' dir='ltr'><strong>in</strong></span> <span class='ocrx_word' id='word_1_42' title='bbox 604 667 702 725; x_wconf 90' lang='lat' dir='ltr'><strong>vobis:</strong></span> <span class='ocrx_word' id='word_1_43' title='bbox 732 685 912 744; x_wconf 89' lang='lat' dir='ltr'><strong>quamquam</strong></span> <span class='ocrx_word' id='word_1_44' title='bbox 936 668 1062 743; x_wconf 90' lang='lat' dir='ltr'><strong>primum</strong></span> 
     </span>
    </p>

    <p class='ocr_par' dir='ltr' id='par_1_3' title="bbox 84 740 1060 840">
     <span class='ocr_line' id='line_1_6' title="bbox 84 740 1060 840; baseline 0.002 -19"><span class='ocrx_word' id='word_1_45' title='bbox 84 740 90 753; x_wconf 48' lang='lat'><strong>⁴</strong></span> <span class='ocrx_word' id='word_1_46' title='bbox 116 762 243 838; x_wconf 91' lang='lat' dir='ltr'><strong>quidque</strong></span> <span class='ocrx_word' id='word_1_47' title='bbox 262 762 449 837; x_wconf 85' lang='lat' dir='ltr'>explicemus.</span> <span class='ocrx_word' id='word_1_48' title='bbox 492 762 579 834; x_wconf 87' lang='lat' dir='ltr'><strong>Nam,</strong></span> <span class='ocrx_word' id='word_1_49' title='bbox 593 772 625 820; x_wconf 94' lang='lat' dir='ltr'><strong>ut</strong></span> <span class='ocrx_word' id='word_1_50' title='bbox 645 763 740 822; x_wconf 90' lang='lat' dir='ltr'><strong>adhuc</strong></span> <span class='ocrx_word' id='word_1_51' title='bbox 755 763 873 840; x_wconf 91' lang='lat' dir='ltr'><strong>quidem</strong></span> <span class='ocrx_word' id='word_1_52' title='bbox 893 774 993 822; x_wconf 91' lang='lat' dir='ltr'><strong>actum</strong></span> <span class='ocrx_word' id='word_1_53' title='bbox 1012 776 1060 834; x_wconf 74' lang='lat' dir='ltr'><strong>est,</strong></span> 
     </span>
    </p>

    <p class='ocr_par' dir='ltr' id='par_1_4' title="bbox 116 859 1064 3180">
     <span class='ocr_line' id='line_1_7' title="bbox 116 859 1060 934; baseline 0 -16"><span class='ocrx_word' id='word_1_54' title='bbox 116 878 176 918; x_wconf 92' lang='lat' dir='ltr'><strong>non</strong></span> <span class='ocrx_word' id='word_1_55' title='bbox 200 877 301 934; x_wconf 85' lang='lat' dir='ltr'><strong>regnu,</strong></span> <span class='ocrx_word' id='word_1_56' title='bbox 325 859 377 918; x_wconf 90' lang='lat' dir='ltr'><strong>sed</strong></span> <span class='ocrx_word' id='word_1_57' title='bbox 400 878 469 934; x_wconf 89' lang='lat' dir='ltr'><strong>rege</strong></span> <span class='ocrx_word' id='word_1_58' title='bbox 494 860 604 919; x_wconf 87' lang='lat' dir='ltr'><strong>liberati</strong></span> <span class='ocrx_word' id='word_1_59' title='bbox 627 861 775 928; x_wconf 90' lang='lat' dir='ltr'><strong>videmur;</strong></span> <span class='ocrx_word' id='word_1_60' title='bbox 806 861 957 919; x_wconf 84' lang='lat' dir='ltr'><strong>interfecto</strong></span> <span class='ocrx_word' id='word_1_61' title='bbox 984 863 1060 920; x_wconf 82' lang='lat' dir='ltr'><strong>eninr</strong></span> 
     </span>
     <span class='ocr_line' id='line_1_8' title="bbox 116 956 1060 1032; baseline 0.002 -18"><span class='ocrx_word' id='word_1_62' title='bbox 116 975 184 1031; x_wconf 86' lang='lat' dir='ltr'><strong>rege</strong></span> <span class='ocrx_word' id='word_1_63' title='bbox 199 956 294 1030; x_wconf 85' lang='lat' dir='ltr'><strong>regios</strong></span> <span class='ocrx_word' id='word_1_64' title='bbox 316 957 412 1014; x_wconf 89' lang='lat' dir='ltr'><strong>omnis</strong></span> <span class='ocrx_word' id='word_1_65' title='bbox 430 965 516 1014; x_wconf 91' lang='lat' dir='ltr'><strong>nutus</strong></span> <span class='ocrx_word' id='word_1_66' title='bbox 531 967 653 1015; x_wconf 89' lang='lat' dir='ltr'><strong>tuemur.</strong></span> <span class='ocrx_word' id='word_1_67' title='bbox 696 957 800 1032; x_wconf 85' lang='lat' dir='ltr'><strong>Neque</strong></span> <span class='ocrx_word' id='word_1_68' title='bbox 814 975 883 1017; x_wconf 91' lang='lat' dir='ltr'><strong>vero</strong></span> <span class='ocrx_word' id='word_1_69' title='bbox 905 959 937 1016; x_wconf 93' lang='lat' dir='ltr'><strong>id</strong></span> <span class='ocrx_word' id='word_1_70' title='bbox 957 958 1060 1029; x_wconf 91' lang='lat' dir='ltr'><strong>solum,</strong></span> 
     </span>
     <span class='ocr_line' id='line_1_9' title="bbox 116 1054 1060 1129; baseline 0.001 -16"><span class='ocrx_word' id='word_1_71' title='bbox 116 1054 169 1113; x_wconf 90' lang='lat' dir='ltr'><strong>sed</strong></span> <span class='ocrx_word' id='word_1_72' title='bbox 189 1055 284 1123; x_wconf 88' lang='lat' dir='ltr'><strong>etiarn,</strong></span> <span class='ocrx_word' id='word_1_73' title='bbox 302 1072 376 1128; x_wconf 87' lang='lat' dir='ltr'><strong>quae</strong></span> <span class='ocrx_word' id='word_1_74' title='bbox 397 1055 459 1129; x_wconf 93' lang='lat' dir='ltr'><strong>ipse</strong></span> <span class='ocrx_word' id='word_1_75' title='bbox 480 1054 533 1125; x_wconf 90' lang='lat' dir='ltr'><strong>ille,</strong></span> <span class='ocrx_word' id='word_1_76' title='bbox 554 1055 577 1112; x_wconf 90' lang='lat' dir='ltr'><strong>si</strong></span> <span class='ocrx_word' id='word_1_77' title='bbox 598 1055 711 1124; x_wconf 91' lang='lat' dir='ltr'><strong>viveret,</strong></span> <span class='ocrx_word' id='word_1_78' title='bbox 731 1072 792 1112; x_wconf 91' lang='lat' dir='ltr'><strong>non</strong></span> <span class='ocrx_word' id='word_1_79' title='bbox 812 1054 929 1126; x_wconf 88' lang='lat' dir='ltr'><strong>faceret,</strong></span> <span class='ocrx_word' id='word_1_80' title='bbox 950 1074 988 1114; x_wconf 94' lang='lat' dir='ltr'><strong>ea</strong></span> <span class='ocrx_word' id='word_1_81' title='bbox 1009 1073 1060 1114; x_wconf 90' lang='lat' dir='ltr'><strong>nos</strong></span> 
     </span>
     <span class='ocr_line' id='line_1_10' title="bbox 117 1151 1060 1228; baseline 0.003 -19"><span class='ocrx_word' id='word_1_82' title='bbox 117 1154 199 1227; x_wconf 92' lang='lat' dir='ltr'><strong>quasi</strong></span> <span class='ocrx_word' id='word_1_83' title='bbox 222 1153 347 1227; x_wconf 77' lang='lat' dir='ltr'><strong>cogitata</strong></span> <span class='ocrx_word' id='word_1_84' title='bbox 371 1152 408 1209; x_wconf 87' lang='lat' dir='ltr'><strong>ab</strong></span> <span class='ocrx_word' id='word_1_85' title='bbox 429 1152 477 1210; x_wconf 92' lang='lat' dir='ltr'><strong>illo</strong></span> <span class='ocrx_word' id='word_1_86' title='bbox 498 1153 664 1228; x_wconf 82' lang='lat' dir='ltr'><strong>probamus</strong></span> <span class='ocrx_word' id='word_1_87' title='bbox 708 1151 771 1210; x_wconf 95' lang='lat' dir='ltr'><strong>Nec</strong></span> <span class='ocrx_word' id='word_1_88' title='bbox 796 1153 858 1210; x_wconf 89' lang='lat' dir='ltr'><strong>eius</strong></span> <span class='ocrx_word' id='word_1_89' title='bbox 879 1153 1001 1227; x_wconf 91' lang='lat' dir='ltr'><strong>quidem</strong></span> <span class='ocrx_word' id='word_1_90' title='bbox 1022 1155 1060 1212; x_wconf 92' lang='lat' dir='ltr'><strong>rei</strong></span> 
     </span>
     <span class='ocr_line' id='line_1_11' title="bbox 116 1248 1060 1327; baseline 0.001 -22"><span class='ocrx_word' id='word_1_91' title='bbox 116 1249 204 1306; x_wconf 90' lang='lat' dir='ltr'><strong>finem</strong></span> <span class='ocrx_word' id='word_1_92' title='bbox 225 1249 327 1307; x_wconf 90' lang='lat' dir='ltr'><strong>video:</strong></span> <span class='ocrx_word' id='word_1_93' title='bbox 348 1249 462 1307; x_wconf 87' lang='lat' dir='ltr'><strong>tabulae</strong></span> <span class='ocrx_word' id='word_1_94' title='bbox 484 1250 628 1323; x_wconf 79' lang='lat' dir='ltr'><strong>figuntur3</strong></span> <span class='ocrx_word' id='word_1_95' title='bbox 650 1249 845 1306; x_wconf 91' lang='lat' dir='ltr'><strong>immunitates</strong></span> <span class='ocrx_word' id='word_1_96' title='bbox 868 1248 991 1323; x_wconf 81' lang='lat' dir='ltr'><strong>dantur3</strong></span> <span class='ocrx_word' id='word_1_97' title='bbox 1012 1269 1060 1327; x_wconf 84' lang='lat' dir='ltr'><strong>pe·</strong></span> 
     </span>
     <span class='ocr_line' id='line_1_12' title="bbox 117 1346 1060 1418; baseline 0.003 -14"><span class='ocrx_word' id='word_1_98' title='bbox 117 1348 219 1406; x_wconf 91' lang='lat' dir='ltr'><strong>cuniae</strong></span> <span class='ocrx_word' id='word_1_99' title='bbox 234 1349 378 1405; x_wconf 86' lang='lat' dir='ltr'><strong>maximae</strong></span> <span class='ocrx_word' id='word_1_100' title='bbox 397 1347 589 1405; x_wconf 88' lang='lat' dir='ltr'><strong>discribuntur</strong></span> <span class='ocrx_word' id='word_1_101' title='bbox 599 1364 606 1416; x_wconf 90' lang='grc'><strong>;</strong></span> <span class='ocrx_word' id='word_1_102' title='bbox 629 1346 742 1405; x_wconf 82' lang='lat' dir='ltr'><strong>exsules</strong></span> <span class='ocrx_word' id='word_1_103' title='bbox 760 1346 957 1418; x_wconf 74' lang='lat' dir='ltr'><strong>reducuntur,</strong></span> <span class='ocrx_word' id='word_1_104' title='bbox 982 1367 1060 1407; x_wconf 88' lang='lat' dir='ltr'><strong>sena-</strong></span> 
     </span>
     <span class='ocr_line' id='line_1_13' title="bbox 116 1444 1061 1504; baseline 0.002 -2"><span class='ocrx_word' id='word_1_105' title='bbox 116 1455 162 1504; x_wconf 92' lang='lat' dir='ltr'><strong>tus</strong></span> <span class='ocrx_word' id='word_1_106' title='bbox 187 1445 319 1504; x_wconf 89' lang='lat' dir='ltr'><strong>consulta</strong></span> <span class='ocrx_word' id='word_1_107' title='bbox 343 1444 415 1503; x_wconf 86' lang='lat' dir='ltr'><strong>falsa</strong></span> <span class='ocrx_word' id='word_1_108' title='bbox 439 1445 620 1503; x_wconf 88' lang='lat' dir='ltr'><strong>reseruntur:</strong></span> <span class='ocrx_word' id='word_1_109' title='bbox 653 1454 685 1502; x_wconf 94' lang='lat' dir='ltr'><strong>ut</strong></span> <span class='ocrx_word' id='word_1_110' title='bbox 709 1453 821 1502; x_wconf 88' lang='lat' dir='ltr'><strong>tanturn</strong></span> <span class='ocrx_word' id='word_1_111' title='bbox 845 1445 937 1503; x_wconf 91' lang='lat' dir='ltr'><strong>modo</strong></span> <span class='ocrx_word' id='word_1_112' title='bbox 963 1447 1061 1504; x_wconf 92' lang='lat' dir='ltr'><strong>odium</strong></span> 
     </span>
     <span class='ocr_line' id='line_1_14' title="bbox 116 1542 1061 1617; baseline 0.004 -19"><span class='ocrx_word' id='word_1_113' title='bbox 116 1542 184 1600; x_wconf 94' lang='lat' dir='ltr'><strong>illud</strong></span> <span class='ocrx_word' id='word_1_114' title='bbox 208 1542 334 1600; x_wconf 90' lang='lat' dir='ltr'><strong>hominis</strong></span> <span class='ocrx_word' id='word_1_115' title='bbox 363 1543 467 1616; x_wconf 90' lang='lat' dir='ltr'><strong>impuri</strong></span> <span class='ocrx_word' id='word_1_116' title='bbox 496 1551 525 1599; x_wconf 94' lang='lat' dir='ltr'><strong>et</strong></span> <span class='ocrx_word' id='word_1_117' title='bbox 552 1542 694 1600; x_wconf 89' lang='lat' dir='ltr'><strong>servitutis</strong></span> <span class='ocrx_word' id='word_1_118' title='bbox 723 1542 807 1600; x_wconf 91' lang='lat' dir='ltr'><strong>dolor</strong></span> <span class='ocrx_word' id='word_1_119' title='bbox 831 1543 971 1617; x_wconf 90' lang='lat' dir='ltr'><strong>depulsus</strong></span> <span class='ocrx_word' id='word_1_120' title='bbox 1000 1562 1061 1602; x_wconf 90' lang='lat' dir='ltr'><strong>esse</strong></span> 
     </span>
     <span class='ocr_line' id='line_1_15' title="bbox 116 1638 1061 1717; baseline 0.004 -23"><span class='ocrx_word' id='word_1_121' title='bbox 116 1639 252 1709; x_wconf 90' lang='lat' dir='ltr'><strong>videatur,</strong></span> <span class='ocrx_word' id='word_1_122' title='bbox 268 1657 313 1696; x_wconf 92' lang='lat' dir='ltr'><strong>res</strong></span> <span class='ocrx_word' id='word_1_123' title='bbox 328 1639 444 1713; x_wconf 91' lang='lat' dir='ltr'><strong>publica</strong></span> <span class='ocrx_word' id='word_1_124' title='bbox 457 1639 549 1696; x_wconf 90' lang='lat' dir='ltr'><strong>iaceat</strong></span> <span class='ocrx_word' id='word_1_125' title='bbox 563 1639 593 1695; x_wconf 92' lang='lat' dir='ltr'><strong>in</strong></span> <span class='ocrx_word' id='word_1_126' title='bbox 607 1638 641 1696; x_wconf 92' lang='lat' dir='ltr'><strong>iis</strong></span> <span class='ocrx_word' id='word_1_127' title='bbox 656 1639 928 1714; x_wconf 85' lang='lat' dir='ltr'><strong>perturbationibus,</strong></span> <span class='ocrx_word' id='word_1_128' title='bbox 944 1640 976 1697; x_wconf 92' lang='lat' dir='ltr'><strong>in</strong></span> <span class='ocrx_word' id='word_1_129' title='bbox 991 1659 1061 1717; x_wconf 88' lang='lat' dir='ltr'><strong>quas</strong></span> 
     </span>
     <span class='ocr_line' id='line_1_16' title="bbox 116 1735 1060 1814; baseline 0.003 -20"><span class='ocrx_word' id='word_1_130' title='bbox 116 1755 181 1794; x_wconf 88' lang='lat' dir='ltr'><strong>eam</strong></span> <span class='ocrx_word' id='word_1_131' title='bbox 196 1737 242 1794; x_wconf 93' lang='lat' dir='ltr'><strong>ille</strong></span> <span class='ocrx_word' id='word_1_132' title='bbox 257 1736 387 1794; x_wconf 92' lang='lat' dir='ltr'><strong>coniecit.</strong></span> <span class='ocrx_word' id='word_1_133' title='bbox 432 1755 457 1794; x_wconf 85' lang='lat'><strong>2.</strong></span> <span class='ocrx_word' id='word_1_134' title='bbox 481 1735 564 1793; x_wconf 88' lang='lat' dir='ltr'><strong>Haec</strong></span> <span class='ocrx_word' id='word_1_135' title='bbox 579 1737 679 1793; x_wconf 91' lang='lat' dir='ltr'><strong>omnia</strong></span> <span class='ocrx_word' id='word_1_136' title='bbox 692 1737 775 1794; x_wconf 91' lang='lat' dir='ltr'><strong>vobis</strong></span> <span class='ocrx_word' id='word_1_137' title='bbox 790 1745 857 1814; x_wconf 88' lang='lat' dir='ltr'><strong>sunt</strong></span> <span class='ocrx_word' id='word_1_138' title='bbox 870 1738 1060 1812; x_wconf 84' lang='lat' dir='ltr'><strong>expedienda,</strong></span> 
     </span>
     <span class='ocr_line' id='line_1_17' title="bbox 117 1833 1062 1910; baseline 0.003 -18"><span class='ocrx_word' id='word_1_139' title='bbox 117 1853 171 1893; x_wconf 92' lang='lat' dir='ltr'><strong>nec</strong></span> <span class='ocrx_word' id='word_1_140' title='bbox 193 1835 251 1892; x_wconf 95' lang='lat' dir='ltr'><strong>hoc</strong></span> <span class='ocrx_word' id='word_1_141' title='bbox 273 1834 471 1908; x_wconf 86' lang='lat' dir='ltr'><strong>cogitandum,</strong></span> <span class='ocrx_word' id='word_1_142' title='bbox 494 1834 562 1891; x_wconf 92' lang='lat' dir='ltr'><strong>satis</strong></span> <span class='ocrx_word' id='word_1_143' title='bbox 585 1834 643 1890; x_wconf 86' lang='lat' dir='ltr'><strong>iam</strong></span> <span class='ocrx_word' id='word_1_144' title='bbox 664 1833 771 1892; x_wconf 89' lang='lat' dir='ltr'><strong>habere</strong></span> <span class='ocrx_word' id='word_1_145' title='bbox 795 1853 856 1892; x_wconf 89' lang='lat' dir='ltr'><strong>rem</strong></span> <span class='ocrx_word' id='word_1_146' title='bbox 877 1836 1027 1910; x_wconf 87' lang='lat' dir='ltr'><strong>publicam</strong></span> <span class='ocrx_word' id='word_1_147' title='bbox 1046 1857 1062 1895; x_wconf 91' lang='lat' dir='ltr'><strong>a</strong></span> 
     </span>
     <span class='ocr_line' id='line_1_18' title="bbox 116 1932 1062 2008; baseline 0.004 -20"><span class='ocrx_word' id='word_1_148' title='bbox 116 1933 216 1992; x_wconf 92' lang='lat' dir='ltr'><strong>vobis:</strong></span> <span class='ocrx_word' id='word_1_149' title='bbox 236 1933 323 1990; x_wconf 87' lang='lat' dir='ltr'><strong>habet</strong></span> <span class='ocrx_word' id='word_1_150' title='bbox 337 1932 384 1990; x_wconf 88' lang='lat' dir='ltr'><strong>illa</strong></span> <span class='ocrx_word' id='word_1_151' title='bbox 394 1932 513 2007; x_wconf 92' lang='lat' dir='ltr'><strong>quidem</strong></span> <span class='ocrx_word' id='word_1_152' title='bbox 527 1940 648 2000; x_wconf 87' lang='lat' dir='ltr'><strong>tantum,</strong></span> <span class='ocrx_word' id='word_1_153' title='bbox 661 1942 802 2006; x_wconf 90' lang='lat' dir='ltr'><strong>quantum</strong></span> <span class='ocrx_word' id='word_1_154' title='bbox 816 1951 979 2008; x_wconf 89' lang='lat' dir='ltr'><strong>numquam</strong></span> <span class='ocrx_word' id='word_1_155' title='bbox 995 1935 1062 1992; x_wconf 91' lang='lat' dir='ltr'><strong>mihi</strong></span> 
     </span>
     <span class='ocr_line' id='line_1_19' title="bbox 117 2029 1061 2108; baseline 0.002 -20"><span class='ocrx_word' id='word_1_156' title='bbox 117 2032 147 2088; x_wconf 93' lang='lat' dir='ltr'><strong>in</strong></span> <span class='ocrx_word' id='word_1_157' title='bbox 160 2041 289 2090; x_wconf 89' lang='lat' dir='ltr'><strong>mentem</strong></span> <span class='ocrx_word' id='word_1_158' title='bbox 303 2031 380 2087; x_wconf 91' lang='lat' dir='ltr'><strong>venit</strong></span> <span class='ocrx_word' id='word_1_159' title='bbox 394 2040 503 2104; x_wconf 89' lang='lat' dir='ltr'><strong>optare,</strong></span> <span class='ocrx_word' id='word_1_160' title='bbox 519 2029 572 2087; x_wconf 92' lang='lat' dir='ltr'><strong>sed</strong></span> <span class='ocrx_word' id='word_1_161' title='bbox 587 2037 722 2088; x_wconf 89' lang='lat' dir='ltr'><strong>contenta</strong></span> <span class='ocrx_word' id='word_1_162' title='bbox 736 2047 797 2088; x_wconf 91' lang='lat' dir='ltr'><strong>non</strong></span> <span class='ocrx_word' id='word_1_163' title='bbox 811 2040 898 2089; x_wconf 92' lang='lat' dir='ltr'><strong>estet</strong></span> <span class='ocrx_word' id='word_1_164' title='bbox 912 2049 967 2108; x_wconf 89' lang='lat' dir='ltr'><strong>pro</strong></span> <span class='ocrx_word' id='word_1_165' title='bbox 982 2048 1061 2108; x_wconf 86' lang='lat' dir='ltr'><strong>mag·</strong></span> 
     </span>
     <span class='ocr_line' id='line_1_20' title="bbox 118 2126 1061 2202; baseline 0 -16"><span class='ocrx_word' id='word_1_166' title='bbox 118 2129 246 2187; x_wconf 92' lang='lat' dir='ltr'><strong>nitudine</strong></span> <span class='ocrx_word' id='word_1_167' title='bbox 260 2139 290 2186; x_wconf 92' lang='lat' dir='ltr'><strong>et</strong></span> <span class='ocrx_word' id='word_1_168' title='bbox 304 2128 391 2186; x_wconf 89' lang='lat' dir='ltr'><strong>animi</strong></span> <span class='ocrx_word' id='word_1_169' title='bbox 405 2137 434 2185; x_wconf 93' lang='lat' dir='ltr'><strong>et</strong></span> <span class='ocrx_word' id='word_1_170' title='bbox 447 2127 580 2184; x_wconf 88' lang='lat' dir='ltr'><strong>beneficii</strong></span> <span class='ocrx_word' id='word_1_171' title='bbox 594 2126 678 2183; x_wconf 89' lang='lat' dir='ltr'><strong>vestri</strong></span> <span class='ocrx_word' id='word_1_172' title='bbox 694 2144 712 2184; x_wconf 86' lang='lat' dir='ltr'><strong>a</strong></span> <span class='ocrx_word' id='word_1_173' title='bbox 725 2128 808 2186; x_wconf 91' lang='lat' dir='ltr'><strong>vobis</strong></span> <span class='ocrx_word' id='word_1_174' title='bbox 821 2146 930 2202; x_wconf 86' lang='lat' dir='ltr'><strong>magna</strong></span> <span class='ocrx_word' id='word_1_175' title='bbox 950 2130 1061 2188; x_wconf 91' lang='lat' dir='ltr'><strong>deside-</strong></span> 
     </span>
     <span class='ocr_line' id='line_1_21' title="bbox 117 2224 1061 2302; baseline 0.002 -20"><span class='ocrx_word' id='word_1_176' title='bbox 117 2236 161 2283; x_wconf 88' lang='lat' dir='ltr'><strong>rat</strong></span> <span class='ocrx_word' id='word_1_177' title='bbox 175 2226 277 2285; x_wconf 88' lang='lat' dir='ltr'><strong>adhuc.</strong></span> <span class='ocrx_word' id='word_1_178' title='bbox 319 2224 389 2282; x_wconf 92' lang='lat' dir='ltr'><strong>Ulta</strong></span> <span class='ocrx_word' id='word_1_179' title='bbox 403 2243 470 2283; x_wconf 89' lang='lat' dir='ltr'><strong>suas</strong></span> <span class='ocrx_word' id='word_1_180' title='bbox 484 2225 602 2282; x_wconf 88' lang='lat' dir='ltr'><strong>iniurias</strong></span> <span class='ocrx_word' id='word_1_181' title='bbox 616 2233 659 2282; x_wconf 91' lang='lat' dir='ltr'><strong>est</strong></span> <span class='ocrx_word' id='word_1_182' title='bbox 674 2243 725 2299; x_wconf 91' lang='lat' dir='ltr'><strong>per</strong></span> <span class='ocrx_word' id='word_1_183' title='bbox 736 2243 787 2283; x_wconf 90' lang='lat' dir='ltr'><strong>vos</strong></span> <span class='ocrx_word' id='word_1_184' title='bbox 802 2227 917 2284; x_wconf 90' lang='lat' dir='ltr'><strong>interitu</strong></span> <span class='ocrx_word' id='word_1_185' title='bbox 932 2228 1061 2302; x_wconf 86' lang='lat' dir='ltr'><strong>tyranni;</strong></span> 
     </span>
     <span class='ocr_line' id='line_1_22' title="bbox 118 2323 1062 2399; baseline 0.001 -19"><span class='ocrx_word' id='word_1_186' title='bbox 118 2324 187 2380; x_wconf 88' lang='lat' dir='ltr'><strong>nihil</strong></span> <span class='ocrx_word' id='word_1_187' title='bbox 208 2324 348 2399; x_wconf 91' lang='lat' dir='ltr'><strong>amplius:</strong></span> <span class='ocrx_word' id='word_1_188' title='bbox 370 2333 541 2380; x_wconf 83' lang='lat' dir='ltr'><strong>ornamenta</strong></span> <span class='ocrx_word' id='word_1_189' title='bbox 557 2339 625 2380; x_wconf 88' lang='lat' dir='ltr'><strong>vero</strong></span> <span class='ocrx_word' id='word_1_190' title='bbox 648 2340 700 2380; x_wconf 88' lang='lat' dir='ltr'><strong>sua</strong></span> <span class='ocrx_word' id='word_1_191' title='bbox 721 2340 795 2398; x_wconf 90' lang='lat' dir='ltr'><strong>quae</strong></span> <span class='ocrx_word' id='word_1_192' title='bbox 816 2323 1005 2398; x_wconf 86' lang='lat' dir='ltr'><strong>reciperavit?</strong></span> <span class='ocrx_word' id='word_1_193' title='bbox 1027 2343 1062 2383; x_wconf 91' lang='lat' dir='ltr'><strong>an</strong></span> 
     </span>
     <span class='ocr_line' id='line_1_23' title="bbox 118 2419 1062 2496; baseline 0.003 -18"><span class='ocrx_word' id='word_1_194' title='bbox 118 2421 199 2495; x_wconf 91' lang='lat' dir='ltr'><strong>quod</strong></span> <span class='ocrx_word' id='word_1_195' title='bbox 219 2422 246 2478; x_wconf 92' lang='lat' dir='ltr'><strong>ei</strong></span> <span class='ocrx_word' id='word_1_196' title='bbox 266 2430 381 2478; x_wconf 91' lang='lat' dir='ltr'><strong>mortuo</strong></span> <span class='ocrx_word' id='word_1_197' title='bbox 405 2429 494 2495; x_wconf 91' lang='lat' dir='ltr'><strong>paret,</strong></span> <span class='ocrx_word' id='word_1_198' title='bbox 516 2437 603 2495; x_wconf 88' lang='lat' dir='ltr'><strong>quem</strong></span> <span class='ocrx_word' id='word_1_199' title='bbox 624 2419 720 2476; x_wconf 90' lang='lat' dir='ltr'><strong>vivum</strong></span> <span class='ocrx_word' id='word_1_200' title='bbox 743 2419 816 2478; x_wconf 87' lang='lat' dir='ltr'><strong>ferre</strong></span> <span class='ocrx_word' id='word_1_201' title='bbox 840 2438 902 2479; x_wconf 91' lang='lat' dir='ltr'><strong>non</strong></span> <span class='ocrx_word' id='word_1_202' title='bbox 918 2425 1062 2496; x_wconf 78' lang='lat' dir='ltr'><strong>poterat?</strong></span> 
     </span>
     <span class='ocr_line' id='line_1_24' title="bbox 118 2517 1063 2599; baseline 0.003 -24"><span class='ocrx_word' id='word_1_203' title='bbox 118 2519 200 2575; x_wconf 92' lang='lat' dir='ltr'><strong>cuius</strong></span> <span class='ocrx_word' id='word_1_204' title='bbox 225 2536 291 2576; x_wconf 89' lang='lat' dir='ltr'><strong>aera</strong></span> <span class='ocrx_word' id='word_1_205' title='bbox 313 2518 434 2599; x_wconf 84' lang='lat' dir='ltr'><strong>refigere</strong></span> <span class='ocrx_word' id='word_1_206' title='bbox 459 2517 645 2585; x_wconf 73' lang='lat' dir='ltr'><strong>debebamus</strong></span> <span class='ocrx_word' id='word_1_207' title='bbox 669 2518 731 2575; x_wconf 93' lang='lat' dir='ltr'><strong>eius</strong></span> <span class='ocrx_word' id='word_1_208' title='bbox 759 2519 846 2576; x_wconf 92' lang='lat' dir='ltr'><strong>etiam</strong></span> <span class='ocrx_word' id='word_1_209' title='bbox 870 2518 1063 2595; x_wconf 89' lang='lat' dir='ltr'><strong>chirographa</strong></span> 
     </span>
     <span class='ocr_line' id='line_1_25' title="bbox 118 2614 1062 2695; baseline 0.002 -22"><span class='ocrx_word' id='word_1_210' title='bbox 118 2615 319 2673; x_wconf 84' lang='lat' dir='ltr'><strong>defendimus?</strong></span> <span class='ocrx_word' id='word_1_211' title='bbox 361 2615 418 2672; x_wconf 87' lang='lat' dir='ltr'><strong>‘At</strong></span> <span class='ocrx_word' id='word_1_212' title='bbox 432 2615 509 2672; x_wconf 90' lang='lat' dir='ltr'><strong>enim</strong></span> <span class='ocrx_word' id='word_1_213' title='bbox 521 2615 560 2671; x_wconf 91' lang='lat' dir='ltr'><strong>ita</strong></span> <span class='ocrx_word' id='word_1_214' title='bbox 574 2614 770 2674; x_wconf 86' lang='lat' dir='ltr'><strong>decrevimus&#39;</strong></span> <span class='ocrx_word' id='word_1_215' title='bbox 811 2614 945 2676; x_wconf 84' lang='lat' dir='ltr'><strong>Fecimus</strong></span> <span class='ocrx_word' id='word_1_216' title='bbox 960 2618 991 2676; x_wconf 94' lang='lat' dir='ltr'><strong>id</strong></span> <span class='ocrx_word' id='word_1_217' title='bbox 1003 2619 1062 2695; x_wconf 94' lang='lat' dir='ltr'><strong>qui-</strong></span> 
     </span>
     <span class='ocr_line' id='line_1_26' title="bbox 118 2712 1063 2790; baseline 0.004 -20"><span class='ocrx_word' id='word_1_218' title='bbox 118 2712 186 2770; x_wconf 92' lang='lat' dir='ltr'><strong>dem</strong></span> <span class='ocrx_word' id='word_1_219' title='bbox 200 2713 378 2788; x_wconf 87' lang='lat' dir='ltr'><strong>temporibus</strong></span> <span class='ocrx_word' id='word_1_220' title='bbox 392 2712 536 2782; x_wconf 90' lang='lat' dir='ltr'><strong>cedentes,</strong></span> <span class='ocrx_word' id='word_1_221' title='bbox 553 2729 626 2786; x_wconf 91' lang='lat' dir='ltr'><strong>quae</strong></span> <span class='ocrx_word' id='word_1_222' title='bbox 641 2712 736 2772; x_wconf 92' lang='lat' dir='ltr'><strong>valent</strong></span> <span class='ocrx_word' id='word_1_223' title='bbox 752 2714 782 2770; x_wconf 90' lang='lat' dir='ltr'><strong>in</strong></span> <span class='ocrx_word' id='word_1_224' title='bbox 801 2732 832 2772; x_wconf 91' lang='lat' dir='ltr'><strong>re</strong></span> <span class='ocrx_word' id='word_1_225' title='bbox 846 2714 961 2790; x_wconf 90' lang='lat' dir='ltr'><strong>publica</strong></span> <span class='ocrx_word' id='word_1_226' title='bbox 976 2717 1063 2790; x_wconf 91' lang='lat' dir='ltr'><strong>pluri·</strong></span> 
     </span>
     <span class='ocr_line' id='line_1_27' title="bbox 118 2809 1063 2886; baseline 0.005 -18"><span class='ocrx_word' id='word_1_227' title='bbox 118 2829 215 2882; x_wconf 89' lang='lat' dir='ltr'><strong>mum;</strong></span> <span class='ocrx_word' id='word_1_228' title='bbox 238 2810 290 2868; x_wconf 94' lang='lat' dir='ltr'><strong>sed</strong></span> <span class='ocrx_word' id='word_1_229' title='bbox 304 2810 493 2868; x_wconf 91' lang='lat' dir='ltr'><strong>immoderate</strong></span> <span class='ocrx_word' id='word_1_230' title='bbox 508 2809 626 2886; x_wconf 91' lang='lat' dir='ltr'><strong>quidem</strong></span> <span class='ocrx_word' id='word_1_231' title='bbox 641 2820 669 2868; x_wconf 90' lang='lat' dir='ltr'><strong>et</strong></span> <span class='ocrx_word' id='word_1_232' title='bbox 683 2810 794 2886; x_wconf 85' lang='lat' dir='ltr'><strong>ingrate</strong></span> <span class='ocrx_word' id='word_1_233' title='bbox 814 2822 913 2870; x_wconf 88' lang='lat' dir='ltr'><strong>nostra</strong></span> <span class='ocrx_word' id='word_1_234' title='bbox 928 2811 1063 2873; x_wconf 87' lang='lat' dir='ltr'><strong>facilitate</strong></span> 
     </span>
     <span class='ocr_line' id='line_1_28' title="bbox 117 2906 1063 2982; baseline 0.004 -16"><span class='ocrx_word' id='word_1_235' title='bbox 117 2909 282 2967; x_wconf 88' lang='lat' dir='ltr'><strong>abutuntur.</strong></span> <span class='ocrx_word' id='word_1_236' title='bbox 323 2907 434 2965; x_wconf 89' lang='lat' dir='ltr'><strong>Verum</strong></span> <span class='ocrx_word' id='word_1_237' title='bbox 447 2906 519 2964; x_wconf 86' lang='lat' dir='ltr'><strong>haec</strong></span> <span class='ocrx_word' id='word_1_238' title='bbox 534 2908 703 2982; x_wconf 90' lang='lat' dir='ltr'><strong>propediem</strong></span> <span class='ocrx_word' id='word_1_239' title='bbox 720 2918 748 2965; x_wconf 92' lang='lat' dir='ltr'><strong>et</strong></span> <span class='ocrx_word' id='word_1_240' title='bbox 762 2909 852 2967; x_wconf 91' lang='lat' dir='ltr'><strong>multa</strong></span> <span class='ocrx_word' id='word_1_241' title='bbox 870 2909 926 2967; x_wconf 89' lang='lat' dir='ltr'><strong>alia</strong></span> <span class='ocrx_word' id='word_1_242' title='bbox 946 2928 1063 2970; x_wconf 87' lang='lat' dir='ltr'><strong>coram:</strong></span> 
     </span>
     <span class='ocr_line' id='line_1_29' title="bbox 117 3005 1062 3084; baseline 0.004 -20"><span class='ocrx_word' id='word_1_243' title='bbox 117 3007 230 3064; x_wconf 91' lang='lat' dir='ltr'><strong>interim</strong></span> <span class='ocrx_word' id='word_1_244' title='bbox 245 3005 329 3062; x_wconf 92' lang='lat' dir='ltr'><strong>velim</strong></span> <span class='ocrx_word' id='word_1_245' title='bbox 353 3006 394 3063; x_wconf 91' lang='lat' dir='ltr'><strong>sic</strong></span> <span class='ocrx_word' id='word_1_246' title='bbox 415 3006 465 3063; x_wconf 93' lang='lat' dir='ltr'><strong>tibi</strong></span> <span class='ocrx_word' id='word_1_247' title='bbox 484 3005 667 3080; x_wconf 89' lang='lat' dir='ltr'><strong>persuadeas,</strong></span> <span class='ocrx_word' id='word_1_248' title='bbox 682 3006 753 3063; x_wconf 92' lang='lat' dir='ltr'><strong>mihi</strong></span> <span class='ocrx_word' id='word_1_249' title='bbox 775 3025 842 3064; x_wconf 91' lang='lat' dir='ltr'><strong>cum</strong></span> <span class='ocrx_word' id='word_1_250' title='bbox 862 3008 1062 3084; x_wconf 84' lang='lat' dir='ltr'><strong>reipublicae,</strong></span> 
     </span>
     <span class='ocr_line' id='line_1_30' title="bbox 118 3103 1064 3180; baseline 0.004 -18"><span class='ocrx_word' id='word_1_251' title='bbox 118 3122 206 3180; x_wconf 88' lang='lat' dir='ltr'><strong>quam</strong></span> <span class='ocrx_word' id='word_1_252' title='bbox 222 3120 337 3178; x_wconf 91' lang='lat' dir='ltr'><strong>semper</strong></span> <span class='ocrx_word' id='word_1_253' title='bbox 351 3103 438 3160; x_wconf 88' lang='lat' dir='ltr'><strong>habui</strong></span> <span class='ocrx_word' id='word_1_254' title='bbox 453 3103 638 3173; x_wconf 87' lang='lat' dir='ltr'><strong>carissimam,</strong></span> <span class='ocrx_word' id='word_1_255' title='bbox 654 3112 715 3159; x_wconf 92' lang='lat' dir='ltr'><strong>tum</strong></span> <span class='ocrx_word' id='word_1_256' title='bbox 735 3105 843 3162; x_wconf 89' lang='lat' dir='ltr'><strong>amoris</strong></span> <span class='ocrx_word' id='word_1_257' title='bbox 862 3105 953 3163; x_wconf 92' lang='lat' dir='ltr'><strong>nostri</strong></span> <span class='ocrx_word' id='word_1_258' title='bbox 974 3125 1064 3166; x_wconf 85' lang='lat' dir='ltr'><strong>causa</strong></span> 
     </span>
    </p>
   </div>
   <div class='ocr_carea' id='block_1_3' title="bbox 117 3200 1064 3378">
    <p class='ocr_par' dir='ltr' id='par_1_5' title="bbox 117 3200 1064 3378">
     <span class='ocr_line' id='line_1_31' title="bbox 117 3200 1064 3280; baseline 0.006 -22"><span class='ocrx_word' id='word_1_259' title='bbox 117 3203 261 3259; x_wconf 86' lang='lat' dir='ltr'><strong>maximae</strong></span> <span class='ocrx_word' id='word_1_260' title='bbox 286 3219 370 3258; x_wconf 91' lang='lat' dir='ltr'><strong>curae</strong></span> <span class='ocrx_word' id='word_1_261' title='bbox 394 3218 460 3260; x_wconf 88' lang='lat' dir='ltr'><strong>esse</strong></span> <span class='ocrx_word' id='word_1_262' title='bbox 483 3209 563 3259; x_wconf 86' lang='lat' dir='ltr'><strong>tuam</strong></span> <span class='ocrx_word' id='word_1_263' title='bbox 589 3200 766 3276; x_wconf 82' lang='lat' dir='ltr'><strong>dignitatem.</strong></span> <span class='ocrx_word' id='word_1_264' title='bbox 808 3201 856 3260; x_wconf 89' lang='lat' dir='ltr'><strong>Da</strong></span> <span class='ocrx_word' id='word_1_265' title='bbox 880 3220 1011 3280; x_wconf 87' lang='lat' dir='ltr'><strong>operam,</strong></span> <span class='ocrx_word' id='word_1_266' title='bbox 1032 3216 1064 3265; x_wconf 90' lang='lat' dir='ltr'><strong>ut</strong></span> 
     </span>
     <span class='ocr_line' id='line_1_32' title="bbox 117 3293 892 3378; baseline 0.006 -23"><span class='ocrx_word' id='word_1_267' title='bbox 117 3299 221 3358; x_wconf 88' lang='lat' dir='ltr'><strong>valeas.</strong></span> <span class='ocrx_word' id='word_1_268' title='bbox 262 3293 369 3378; x_wconf 86' lang='lat' dir='ltr'><strong>[Vale]</strong></span> <span class='ocrx_word' id='word_1_269' title='bbox 884 3304 892 3322; x_wconf 86' lang='grc'>”</span> 
     </span>
    </p>
   </div>
   <div class='ocr_carea' id='block_1_4' title="bbox 0 0 1179 3788">
    <p class='ocr_par' dir='ltr' id='par_1_6' title="bbox 0 0 1179 3788">
     <span class='ocr_line' id='line_1_33' title="bbox 0 0 1179 3788; baseline 0 0"><span class='ocrx_word' id='word_1_270' title='bbox 0 0 1179 3788; x_wconf 95' lang='lat' dir='ltr'><strong> </strong></span> 
     </span>
    </p>
   </div>
  </div>
 </body>
</html>
