2348 3788
82 305 127 368 sp.
141 319 183 369 44,
198 289 254 378 44]
298 306 411 356 natur.
433 306 483 355 An
503 307 668 357 Arrromr
692 310 752 358 νη.
776 314 807 380 9.
960 311 1019 372 123

81 453 217 514 habenda
230 475 247 515 e
260 455 325 531 lege
338 457 418 516 ratio.
445 469 487 532 ,7.
503 456 683 534 ‘Depugna'
697 458 792 535 inquis
807 457 919 534 ‘potius
933 474 1021 532 quam

82 550 205 612 servias?
246 551 287 610 Ut
301 554 391 629 quid?
413 554 437 612 si
457 555 548 613 victus
567 557 630 625 eris,
647 556 845 631 proscribarei
866 555 891 613 si
911 555 1020 623 viceris,

82 656 180 704 tamen
201 647 325 706 servias?
348 645 447 718 ‘Quid
468 646 556 723 ergo’
577 650 672 725 inquis
695 654 829 707 ‘actums
849 647 918 708 esi'
942 647 1020 705 idem

82 744 163 820 quod
177 744 311 820 pecudes,
327 763 400 821 quae
416 745 558 820 dispulsae
578 748 622 805 sui
643 748 757 823 generis
778 755 935 821 sequuntur
955 764 1020 820 gre·

81 858 153 916 ges:
169 851 201 898 ut
214 842 269 900 bos
283 853 420 914 armenta,
435 843 476 902 sic
487 862 544 919 ego
555 845 650 903 bonos
662 845 738 902 viros
750 851 799 901 aut
813 861 874 914 eos,
889 844 1020 918 quicum-

81 955 140 1012 que
151 937 279 996 dicentur
288 939 367 1010 boni,
377 957 488 1016 sequar,
500 941 585 998 etiam
597 941 621 999 si
629 950 719 999 ruent.
744 939 823 1012 Quid
834 941 869 997 sit
878 942 1020 1015 optimum
1056 986 1058 993 .

81 1030 157 1088 male
176 1033 330 1090 contractis
351 1033 436 1091 rebus
457 1033 543 1108 plane
560 1034 659 1092 video:
682 1033 790 1092 nemini
821 1043 865 1090 est
878 1034 956 1090 enim
971 1052 1021 1091 ex·

80 1125 233 1200 ploratum,
249 1144 316 1183 cum
334 1126 371 1184 ad
391 1145 470 1184 arma
490 1137 608 1184 ventum
629 1138 680 1198 est,
695 1127 765 1202 quid
785 1125 911 1184 futurum
933 1128 976 1197 sit,
991 1138 1020 1186 at
1091 1138 1093 1146 ’

80 1223 150 1280 illud
164 1223 308 1294 omnibus
322 1224 348 1285 si
366 1224 436 1281 boni
456 1225 521 1282 victi
542 1227 606 1290 sint.
621 1243 676 1282 nec
697 1225 727 1281 in
748 1224 837 1282 caede
857 1224 1020 1300 principum

81 1320 296 1378 clementiorem
315 1320 391 1379 hunc
410 1320 480 1393 fore,
495 1340 583 1397 quam
597 1322 692 1381 Cinna
710 1320 801 1390 fuerit,
817 1338 872 1378 nec
885 1322 1020 1380 modera-

80 1419 183 1476 tiorem
211 1436 298 1494 quam
325 1419 403 1476 Sulla
430 1420 460 1477 in
487 1419 617 1496 pecuniis
644 1418 839 1494 locupletium.
890 1424 1017 1489 Συμπολι-

80 1515 186 1586 τεύομαί
197 1540 239 1572 σοι
253 1516 311 1573 iarn
326 1517 444 1586 dudum,
460 1526 487 1575 et
506 1516 631 1575 iacerem
646 1517 759 1586 diutius,
774 1516 829 1573 nisi
843 1518 890 1573 me
904 1515 1020 1575 lucerna

81 1612 232 1672 desereret.
274 1614 322 1671 Ad
336 1632 488 1684 summam,
504 1624 570 1674 ‘nrc
589 1614 632 1672 M.
647 1613 761 1672 Tvnnr!
777 1613 950 1671 ‘Adsentior
964 1613 1019 1672 Cn.

81 1707 239 1782 Pompei0‚’
253 1707 283 1764 id
303 1718 347 1766 est
369 1707 406 1766 T.
420 1708 592 1786 Pomponio.
637 1709 759 1776 Alexim,
780 1707 1020 1766 humanissimum

81 1823 211 1880 puerum,
239 1805 293 1863 nisi
320 1805 401 1876 forte,
427 1807 496 1864 dum
523 1824 580 1881 ego
601 1808 712 1877 absum,
733 1806 903 1863 adulescens
928 1805 1020 1864 factus

81 1903 196 1961 est—id
210 1903 288 1961 enim
302 1920 387 1977 agere
402 1903 596 1975 videbatur-,
611 1905 719 1963 salvere
733 1904 831 1961 iubeas
846 1903 936 1960 velim.

298 2080 345 2134 45.
386 2076 445 2134 AD
466 2076 658 2135 ATTICUM
679 2076 748 2134 VlI.
772 2095 798 2151 9.

82 2190 149 2251 Scn.
170 2209 201 2250 nr
221 2189 376 2250 Fonrrmuo
401 2209 534 2249 nxnuurn
555 2210 648 2250 nnusn
669 2191 824 2251 Dncnrrnnr
844 2207 928 2250 nuc.
952 2202 967 2264 7
993 2208 1020 2261 4.

399 2316 500 2357 cronno
521 2315 626 2358 nrrrco
646 2317 708 2357 sm.

126 2431 151 2471 r.
182 2411 403 2494 ‘Quormrnrm'
438 2413 534 2487 inquis
554 2416 604 2496 .‘³
637 2423 665 2471 te
701 2413 885 2488 accipiendae
911 2412 1021 2470 litterae

82 2507 186 2569 sunt?’
207 2511 230 2568 si
244 2510 366 2581 habebo,
382 2511 428 2568 cui
443 2511 518 2580 dem,
534 2511 670 2586 quotidie.
710 2513 767 2569 ‘At
781 2512 839 2568 iam
853 2512 919 2587 ipse
931 2509 1019 2568 ades!

82 2609 162 2666 Tum
177 2608 269 2683 igitur,
285 2626 351 2665 cum
365 2626 479 2678 venero,
496 2609 634 2667 desinam.
675 2607 758 2666 Unas
772 2610 857 2667 video
875 2607 945 2666 mihi
960 2626 978 2665 a
992 2617 1021 2665 te

82 2723 143 2762 non
158 2723 222 2763 esse
237 2705 369 2774 redditas,
384 2723 456 2780 quas
470 2705 504 2765 L.
514 2705 674 2778 Quinctius,
687 2706 832 2764 familiaris
846 2724 938 2776 meus,
953 2723 1020 2763 cum

82 2803 175 2873 ferret,
198 2803 235 2860 ad
256 2803 372 2860 bustum
393 2802 480 2860 Basili
501 2803 664 2861 volneratus
685 2814 714 2861 et
738 2803 876 2878 spoliatus
897 2813 948 2861 est.
994 2821 1019 2861 2.

82 2899 202 2957 Videbis
216 2901 308 2974 igitur,
323 2918 394 2956 num
409 2900 478 2974 quid
492 2900 575 2958 suerit
589 2901 619 2958 in
634 2901 675 2970 iis,
692 2901 772 2976 quod
790 2919 838 2958 me
853 2901 925 2959 scire
945 2919 1020 2976 opus

82 2999 126 3067 sit,
139 3008 167 3054 et
181 2998 265 3055 simul
279 2996 336 3054 hoc
351 2998 529 3070 διευκρινῆσαι·
549 3001 686 3070 πρόβλημα
701 3016 770 3055 sane
784 3002 932 3056 nolaruo‘v:
953 3017 1020 3055 cum

82 3096 118 3154 sit
139 3113 258 3152 necesse
279 3105 328 3152 aut
350 3094 448 3152 haberi
470 3094 601 3152 Caesaris
622 3096 773 3166 rationem,
792 3095 840 3153 illo
862 3097 1021 3154 exercitum

81 3193 127 3250 vel
148 3211 200 3266 per
225 3202 356 3249 senatum
371 3192 415 3248 vel
436 3210 488 3266 per
508 3193 638 3250 tribunos
657 3193 695 3267 pl.
711 3193 868 3262 obtinente,
884 3201 932 3249 aut
954 3211 1018 3267 per-

81 3289 195 3347 suaderi
211 3287 336 3357 Caesari,
351 3298 382 3345 ut
401 3289 492 3345 tradat
507 3289 684 3363 provinciam
707 3298 792 3365 atque
812 3289 970 3346 exercitum
992 3297 1021 3345 et

81 3389 120 3445 ita
149 3385 250 3443 consul
275 3386 331 3455 fiat,
357 3395 413 3455 aut,
438 3386 461 3442 si
489 3385 519 3443 id
546 3386 572 3443 ei
600 3403 661 3443 non
685 3385 899 3460 persuadeatur,
923 3384 1020 3443 haberi

81 3483 199 3544 comitia
224 3483 285 3540 sine
306 3482 379 3540 illius
402 3483 521 3552 ratione,
542 3481 592 3540 illo
614 3482 740 3559 patiente
762 3489 848 3558 atque
872 3482 1020 3541 obtinente
