2348 3788
184 198 244 264 180
357 223 360 227 ·
460 209 499 261 rr.
524 208 643 258 rurrrr
664 208 850 258 crosnonrs
1002 197 1071 280 [aaa
1086 211 1121 258 ιν.

182 365 339 440 cogitatum
364 370 418 421 est.
462 360 530 432 Qua
553 378 585 419 re
608 359 769 418 voluntatis.
785 378 833 417 me
856 377 941 418 meae
967 378 1123 437 numquam

182 462 338 538 paenitebit
345 479 354 533 ;
384 459 495 518 consilii
517 459 652 535 paenitet
697 457 733 516 In
757 458 868 534 oppido
893 458 992 534 aliquo
1013 460 1124 518 mallem

183 559 333 628 resedisse,
359 557 457 634 quoad
481 547 656 615 arcesseret:
687 556 782 614 minus
806 557 949 614 sermonis
974 559 1124 628 subissem,

185 659 281 715 minus
302 656 482 731 accepissem
504 654 631 726 doloris;
653 655 749 730 ipsum
770 654 827 712 hoc
848 672 896 712 me
917 672 981 712 non
1003 667 1125 732 angeret.

185 753 327 813 Brundisii
341 753 433 812 iacere
450 753 481 811 in
501 770 605 810 omnes
619 762 715 828 partes
735 761 779 810 est
797 752 963 811 molestum.
1007 753 1125 830 Propius

184 850 330 920 accedere,
342 861 373 908 ut
388 850 502 920 suadeS,
514 867 573 925 quo
588 849 679 907 modo
694 850 756 906 sine
775 849 931 920 lictoribus,
944 867 1021 926 quos
1037 871 1125 929 popu·

184 948 228 1006 lus
243 948 330 1018 dedit,
342 948 483 1024 possum?
506 947 556 1022 qui
570 945 641 1003 mihi
656 945 794 1004 incolumi
810 947 898 1004 adimi
912 964 975 1005 non
990 961 1125 1024 possunt;

185 1063 260 1120 quos
279 1063 335 1120 ego
356 1063 435 1103 nunc
450 1044 595 1120 paulisper
616 1061 684 1101 cum
701 1044 811 1102 bacillis
832 1045 861 1102 in
881 1046 997 1104 turbam
1018 1047 1127 1106 conieci

186 1142 223 1200 ad
248 1142 390 1218 oppidum
415 1142 566 1211 accedens,
591 1159 629 1199 ne
653 1141 718 1217 quis
742 1141 867 1217 impetus
894 1143 1019 1202 militum
1046 1144 1126 1202 fieret

187 1239 343 1315 †Recipio
358 1249 490 1315 tempore
509 1257 558 1296 me
578 1238 676 1297 domo.
720 1257 746 1313 3.
768 1238 814 1298 Te
833 1257 912 1298 nunc
932 1241 969 1298 ad
989 1243 1127 1317 oppidum

188 1349 216 1396 et
230 1338 368 1414 quoniam
382 1337 427 1394 his
441 1336 572 1412 placeret
582 1335 672 1394 modo
688 1338 808 1414 propius
821 1337 968 1408 accedere,
980 1349 1012 1396 ut
1027 1339 1083 1398 hac
1097 1339 1128 1396 de

188 1457 218 1494 re
241 1435 473 1494 considerarent:
506 1433 593 1492 credo
618 1434 679 1492 fore
705 1446 845 1494 auctores.
889 1435 936 1494 Sic
958 1437 1040 1494 enim
1063 1437 1128 1494 reci·

188 1535 281 1609 piunt,
301 1531 420 1589 Caesari
439 1547 500 1587 non
519 1531 610 1588 modo
630 1531 667 1589 de
687 1532 894 1603 conservanda,
912 1532 965 1591 sed
986 1535 1077 1592 etiam
1097 1535 1127 1593 de

188 1628 321 1705 augenda
342 1645 408 1685 mea
429 1628 567 1702 dignitate
590 1647 674 1688 curae
697 1630 769 1701 fore,
790 1648 895 1707 meque
920 1630 1082 1702 hortantur,
1101 1644 1128 1691 ut

188 1746 297 1803 magno
318 1727 417 1784 animo
439 1727 502 1797 sirn,
524 1737 556 1784 ut
576 1729 676 1786 omnia
697 1747 812 1788 summa
832 1746 963 1805 sperem:
987 1749 1022 1788 ea
1044 1750 1128 1809 spon·

191 1828 267 1897 dent,
287 1824 468 1897 confirmant,
484 1842 559 1900 quae
580 1826 698 1902 quidem
719 1827 789 1884 mihi
810 1827 1006 1903 exploratiora
1025 1840 1128 1898 essent,

192 1926 215 1982 si
238 1923 451 1981 remansissem.
496 1923 554 1982 Sed
577 1925 678 2000 ingero
703 1925 861 2000 praeterita
903 1925 988 1996 Vide,
1010 1944 1127 2003 quaeso

191 2024 276 2097 igitur
294 2039 337 2091 ea,
353 2039 428 2096 quae
448 2032 564 2092 restant,
580 2033 608 2080 et
629 2017 747 2098 explora
766 2041 833 2081 cum
847 2024 916 2095 istis,
931 2033 960 2082 et
977 2025 1002 2082 si
1015 2028 1129 2101 putabis

191 2137 265 2194 opus
285 2136 349 2176 esse
369 2131 397 2174 et
418 2117 441 2176 si
454 2118 514 2176 istis
532 2108 665 2193 placebit,
680 2137 739 2196 quo
759 2121 852 2195 magis
872 2121 980 2178 factum
1000 2132 1130 2182 nostrum

192 2216 299 2275 Caesar
321 2217 424 2292 probet
445 2216 528 2291 quasi
550 2216 587 2275 de
609 2234 729 2275 suorum
751 2220 892 2276 sententia
913 2218 1029 2290 lactum,
1054 2221 1130 2278 adhi-

191 2316 312 2371 beantur
336 2311 512 2383 Trebonius,
537 2312 641 2384 Pansa,
670 2315 694 2372 si
721 2315 771 2391 qui
799 2315 853 2387 alii,
882 2317 1070 2392 scribantque
1098 2315 1131 2376 ad

192 2409 347 2468 Caesarem
362 2428 418 2480 me,
434 2410 571 2485 quicquid
587 2411 712 2482 fecerim,
729 2413 765 2471 de
780 2431 832 2471 sua
847 2415 987 2472 sententia
1001 2415 1113 2475 fecisse.

234 2527 258 2579 4.
282 2506 395 2583 Tulliae
419 2525 502 2565 meae
527 2510 648 2567 morbus
672 2519 702 2567 et
726 2511 904 2569 imbecillitas
929 2514 1062 2587 corporis
1088 2533 1131 2572 me

193 2606 347 2689 exanimat,
368 2622 457 2679 quam
478 2604 529 2663 tibi
551 2605 686 2682 intellego
708 2625 832 2682 magnae
852 2627 937 2666 curae
957 2627 1030 2681 esse,
1055 2613 1132 2687 quod

194 2714 237 2762 est
252 2691 540 2777 mihigratissimum.
583 2717 610 2777 5.
631 2703 677 2762 De
692 2705 823 2780 Pompeii
838 2707 916 2764 exitu
930 2707 1000 2764 mihi
1015 2710 1133 2769 dubium

194 2817 353 2875 numquam
377 2799 448 2873 luit;
480 2811 560 2860 tanta
581 2802 660 2860 enim
683 2803 844 2878 desperatio
866 2823 962 2862 rerum
986 2808 1048 2865 eius
1073 2829 1133 2868 om·

195 2899 275 2956 nium
299 2916 401 2973 regum
426 2908 454 2957 et
478 2899 653 2974 populorum
677 2902 790 2957 animos
815 2915 979 2978 occuparat,
1002 2916 1041 2975 ut,
1064 2927 1134 2984 quo·

196 3013 320 3071 cumque
344 2997 477 3068 venisset,
501 2996 557 3055 hoc
581 3006 712 3072 putarem
735 2996 869 3057 futurum.
920 3000 990 3058 Non
1014 3021 1135 3078 possum

197 3096 258 3152 eius
273 3112 371 3152 casum
385 3112 446 3151 non
462 3094 578 3166 dolere3
601 3094 750 3152 hominem
765 3096 843 3152 enirn
862 3098 1005 3172 integrum
1025 3111 1055 3158 et
1075 3121 1135 3162 cas-

198 3204 259 3250 tum
287 3201 316 3249 et
343 3209 459 3266 gravem
487 3193 621 3268 cognovi.
664 3193 690 3250 6.
716 3192 762 3251 De
790 3193 903 3253 Fannio
931 3198 1065 3256 consoler
1090 3202 1136 3260 tel

200 3290 362 3367 perniciosa
375 3290 546 3366 loquebatur
560 3290 596 3348 de
615 3291 765 3348 mansione
780 3300 844 3364 tua<;
867 3291 901 3350 L.
916 3311 982 3351 vero
998 3295 1137 3358 Lentulus

202 3387 352 3446 Hortensii
367 3387 487 3448 domurn
501 3388 552 3446 sibi
568 3397 596 3438 e*
612 3387 742 3446 Caesaris
756 3389 855 3446 hoe‘os
869 3400 898 3446 et
912 3391 997 3450 Baias
1013 3393 1137 3471 despon-

1083 3694 1170 3761 Νι·
