2356 3810
179 242 220 306 86
449 260 488 308 Μ.
513 262 631 308 rurrrr
653 261 842 308 orcanorvrs
1003 246 1073 329 [aaa
1088 261 1123 309 11.

178 411 318 486 frangere,
333 411 387 469 nisi
407 429 474 469 cum
489 412 637 486 praesidiis
652 413 694 482 iis,
711 431 785 488 quae
801 430 915 488 semper
931 411 1028 483 habui,
1043 431 1123 470 nunc

177 508 264 564 etiam
287 508 448 582 potentium
472 509 702 568 benevolentiam
726 511 949 567 coniunxissem.
995 528 1042 567 aa.
1065 508 1123 566 His

179 622 235 679 ego
250 605 384 673 consiliis,
400 605 424 662 si
443 615 471 662 te
492 615 673 680 praesentem
693 606 867 676 habuissem,
882 616 914 664 ut
934 606 1036 681 opinio
1056 624 1123 664 mea

178 701 240 771 fert,
266 698 361 759 essem
388 721 458 760 usus
486 703 613 775 eisdem;
642 704 710 761 novi
738 704 815 761 enim
844 703 1066 779 temperantiam
1095 715 1124 762 et

177 800 410 857 moderationem
438 810 557 857 naturae
586 811 660 871 tuae,
690 801 758 858 novi
790 801 920 857 animum
952 819 1019 858 cum
1052 800 1123 857 mihi

179 897 394 967 amicissimum,
409 907 471 955 tum
486 897 564 956 nulla
577 898 608 956 in
623 908 735 957 ceteros
752 899 951 957 malevolentia
971 899 1122 968 suffusum,

178 1006 334 1071 contraque
349 1013 416 1054 cum
430 1015 571 1070 magnum
585 1007 614 1054 et
628 997 782 1066 excelsum,
798 1006 860 1054 tum
879 997 967 1054 etiam
987 1007 1121 1072 apertum

178 1104 208 1152 et
228 1095 396 1169 simplicem.
438 1094 507 1152 Vidi
528 1096 749 1171 egoquosdam
770 1096 800 1152 in
820 1105 848 1153 te
867 1095 947 1166 tales,
966 1096 1069 1170 quales
1091 1108 1122 1153 tu

179 1192 299 1249 eosdem
313 1193 343 1248 in
357 1210 404 1248 me
418 1192 514 1249 videre
529 1191 663 1266 potuisti:
686 1211 759 1268 quae
774 1211 821 1250 me
836 1202 997 1264 moverunt,
1012 1193 1120 1250 movis-

181 1298 245 1346 sent
264 1289 367 1347 eadem
386 1299 414 1346 te
433 1288 571 1364 profecto.
615 1288 681 1359 Sed,
697 1306 881 1366 quocumque
900 1299 1032 1365 tempore
1051 1289 1122 1346 mihi

179 1396 308 1462 potestas
327 1387 486 1461 praesentis
507 1387 547 1444 tui
569 1386 659 1452 fuerit
675 1397 706 1445 tu
725 1388 779 1445 eris
801 1388 933 1446 omnium
955 1387 1121 1445 moderator

180 1483 367 1541 consiliorum
386 1501 517 1540 meorum
526 1503 534 1555 ;
558 1484 608 1541 tibi
628 1484 680 1542 erit
698 1484 800 1555 eidem,
817 1485 862 1542 cui
882 1484 958 1543 salus
971 1477 1045 1544 'mea
1060 1485 1119 1554 fuit,

179 1581 266 1638 etiam
281 1580 404 1654 dignitas
420 1598 513 1638 curae.
556 1580 607 1640 Me
622 1581 740 1657 quidem
752 1591 828 1640 certe
839 1592 951 1640 tuarum
962 1583 1120 1653 actionum,

181 1676 394 1745 sententiarum,
409 1674 597 1746 voluntatum,
611 1694 706 1733 rerum
722 1676 846 1751 denique
861 1678 993 1734 omnium
1009 1679 1120 1736 socium

181 1774 375 1850 comitemque
392 1772 520 1843 habebis
532 1791 627 1848 neque
642 1773 711 1831 mihi
726 1774 756 1831 in
770 1776 851 1832 omni
865 1776 922 1832 vita
935 1794 981 1834 res
994 1786 1054 1834 tam
1070 1778 1122 1834 erit

128 1885 131 1894 ⁴
181 1873 238 1932 ulla
258 1872 416 1948 proposita,
434 1889 522 1946 quam
542 1882 574 1929 ut
595 1872 723 1946 quotidie
743 1872 940 1931 vehementius
962 1884 989 1931 te
1012 1873 1049 1932 de
1073 1892 1121 1931 me

182 1972 291 2047 optime
312 1970 445 2027 meritum
467 1988 530 2028 esse
551 1969 663 2028 laetere.
708 1989 754 2044 ²3·
777 1969 867 2040 Quod
888 1989 983 2046 rogas,
1002 1983 1035 2029 ut
1057 1990 1121 2029 mea

180 2071 231 2128 tibi
251 2068 355 2144 scripta
373 2069 494 2139 mittam,
509 2086 583 2143 quae
598 2079 664 2144 post
678 2069 838 2126 discessum
853 2079 935 2127 tuum
949 2071 1121 2145 scripserim,

182 2177 248 2226 sunt
263 2167 408 2224 orationes
427 2167 579 2241 quaedam,
595 2184 668 2242 quas
687 2165 851 2224 Menocrito
870 2166 955 2236 dabo,
970 2186 1065 2243 neque
1085 2169 1122 2225 ita

179 2266 302 2335 multae'3
322 2283 358 2322 ne
373 2265 568 2340 pertimescas.
612 2264 719 2339 Scripsi
734 2265 932 2321 etiam—nam
945 2283 993 2322 me
1008 2266 1066 2322 iam
1085 2268 1121 2323 ab

180 2364 358 2422 orationibus
397 2363 516 2436 diiungo
554 2361 613 2419 fere
652 2361 803 2436 referoque
838 2362 876 2419 ad
910 2365 1121 2422 mansuetiores

179 2462 291 2532 Musas
306 2479 380 2536 quae
400 2479 447 2518 me
466 2461 593 2518 maxime
613 2461 686 2519 sieut
705 2463 762 2518 iam
780 2480 797 2518 a
814 2462 907 2536 prima
928 2462 1123 2522 adulescentia

180 2559 500 2634 delectarunt—scripsi
529 2560 614 2634 igitur
644 2559 811 2616 Aristotelio
844 2577 935 2631 more,
963 2579 1051 2636 quern
1085 2563 1122 2621 ad

178 2659 300 2716 modum
331 2657 448 2733 quidem
481 2656 566 2725 volui,
594 2667 651 2715 tres
678 2656 767 2714 libros
795 2653 837 2736 [in
865 2658 1060 2734 disputatione
1089 2680 1123 2719 ac

180 2753 309 2835 dialogo]
326 2756 379 2814 ‘de
401 2753 531 2826 oratore,'
546 2773 621 2831 quos
641 2755 761 2812 arbitror
779 2754 903 2813 Lentulo
919 2765 969 2814 tuo
984 2756 1046 2816 sore
1061 2777 1122 2817 non

179 2855 309 2926 inutiles;
339 2853 494 2912 abhorrent
521 2854 599 2910 enirn
629 2871 646 2909 a
673 2853 877 2910 communibus
905 2857 1067 2930 praeceptis
1095 2868 1123 2914 et

180 2970 300 3011 omnem
325 2951 511 3025 antiquorum
536 2960 565 3008 et
589 2949 783 3007 Aristoteliam
808 2959 837 3007 et
859 2950 1028 3009 Isocratiam
1056 2957 1123 3012 rati·

180 3068 269 3109 onem
291 3049 446 3106 oratoriam
468 3047 706 3122 complectuntur.
751 3046 857 3122 Scripsi
882 3049 969 3105 etiam
993 3051 1123 3109 versibus

180 3160 237 3208 tres
259 3149 346 3205 libros
367 3145 403 3204 de
424 3147 604 3222 temporibus
625 3146 705 3215 meis,
728 3163 802 3220 quos
824 3146 881 3202 iam
902 3146 1015 3220 pridem
1036 3148 1074 3205 ad
1094 3159 1123 3206 te

182 3248 334 3315 misissem,
350 3245 373 3302 si
388 3262 451 3302 esse
467 3243 596 3302 edendos
614 3252 781 3318 putassem3
803 3253 870 3300 sunt
891 3244 968 3300 enim
987 3255 1075 3304 testes
1094 3258 1124 3305 et

183 3356 266 3406 erunt
294 3342 460 3419 sempiterni
488 3343 655 3400 meritorum
682 3359 751 3416 erga
773 3359 821 3398 me
843 3350 959 3399 tuorum
983 3360 1124 3419 meaeque

182 3443 312 3522 pietatis;
337 3441 389 3500 sed
404 3435 497 3521 [quia]
509 3439 627 3498 verebar
641 3457 701 3496 non
717 3457 775 3509 eos,
788 3439 837 3514 qui
852 3457 883 3497 se
898 3438 992 3497 laesos
1006 3441 1124 3499 arbitra-
