2356 3810
78 256 81 268 .
116 217 160 280 ap.
175 214 217 279 62,
233 203 291 286 63.]
334 215 446 268 aaran
468 215 518 264 An
542 215 707 265 arricum
725 214 774 269 rr.
797 185 847 269 ro.
993 218 1051 287 151

115 373 232 430 venerit.
274 371 321 429 De
343 372 494 430 Lanuvino
516 373 619 442 statim,
634 382 665 430 ut
686 371 780 430 audivi
801 372 958 429 Phameam
977 387 1055 429 mor·

115 479 206 539 tuum,
232 470 338 545 optavi,
362 470 386 527 si
413 469 504 527 modo
527 480 603 528 esset
630 470 724 527 futura
747 488 793 527 res
821 469 944 544 publica,
966 478 998 526 ut
1025 468 1056 526 id

114 566 217 642 aliquis
232 584 372 636 meorum,
388 576 600 641 nequetamen
615 567 652 624 de
667 577 703 637 te,
718 567 768 641 qui
782 566 909 623 maxime
923 582 1053 633 meuses,

114 663 256 737 cogitavi;
286 664 415 728 sciebam
439 663 517 720 enim
539 673 569 720 vte
593 672 683 738 quoto
708 679 787 720 anno
809 673 838 720 et
862 670 1003 737 quantum
1024 661 1055 717 in

114 760 179 817 solo
193 760 285 817 solere
301 748 446 835 quaerere,
461 778 555 834 neque
571 759 665 817 solum
684 759 806 829 Romae,
821 759 873 817 sed
888 759 973 817 etiam
990 757 1055 815 Deli

114 868 196 914 tuum
215 857 363 932 digamma
381 856 523 914 videram:
545 875 644 914 verum
664 867 762 914 tamen
781 874 838 931 ego
859 856 936 926 illud,
953 847 1055 931 quam-

114 973 203 1028 quam
229 965 273 1011 est
300 954 416 1023 bellum,
439 955 559 1012 minoris
586 955 717 1024 aestim0,
741 972 829 1030 quam
852 954 1056 1011 aestimabatur

114 1051 286 1108 Marcellino
317 1050 445 1120 consule,
475 1034 542 1108 cum
574 1069 630 1125 ego
666 1052 737 1108 istos
771 1050 902 1108 hortulos
936 1058 1055 1124 propter

115 1148 238 1205 domum
257 1148 337 1205 Antii
354 1166 442 1222 quam
464 1158 525 1206 tum
544 1148 695 1219 habebam,
711 1147 894 1206 iucundiores
908 1147 979 1204 mihi
993 1145 1054 1203 lore

114 1246 254 1320 putabam
279 1254 308 1302 et
328 1245 440 1302 minore
465 1247 606 1320 impensa,
628 1263 717 1321 quam
741 1231 766 1303 si
788 1244 989 1302 Tusculanum
1010 1263 1055 1301 re-

115 1343 259 1401 fecissem.
301 1341 389 1399 Volui
405 1345 425 1414 †
442 1341 542 1414 .NSQ.
583 1341 640 1417 Egi
661 1361 712 1418 per
733 1342 878 1418 praedem,
900 1341 946 1398 ille
967 1339 1053 1409 daret,

117 1439 198 1495 Antii
213 1457 278 1496 cum
299 1438 418 1497 haberet
432 1440 550 1498 venale:
572 1440 671 1498 noluit.
715 1440 774 1497 Sed
788 1458 866 1497 nunc
885 1439 984 1496 omnia
1002 1439 1056 1495 ista

116 1537 209 1594 iacere
223 1545 294 1612 puto
309 1547 427 1611 propter
448 1555 634 1594 nummorum
649 1538 803 1595 caritatem.
845 1535 918 1594 Mihi
939 1536 1056 1611 quidem

117 1635 170 1690 erit
184 1634 364 1707 aptissimum
385 1634 430 1692 vel
448 1635 533 1692 nobis
552 1635 657 1709 potius,
672 1635 696 1692 si
717 1643 749 1692 tu
767 1635 879 1693 emeris.
921 1633 980 1691 Sed
994 1634 1056 1690 eius

116 1730 278 1788 dementias
293 1740 361 1788 cave
376 1741 565 1789 contemnas:
586 1731 668 1790 valde
683 1741 727 1789 est
740 1742 901 1789 venustum.
944 1729 1056 1800 Quam·

116 1846 205 1904 quam
232 1828 302 1885 mihi
330 1829 384 1886 ista
412 1829 510 1886 omnia
538 1829 596 1886 iam
624 1828 739 1887 addicta
765 1828 889 1887 vastitati
916 1827 1055 1885 videntur.

117 1926 270 2000 Respondi
291 1926 419 2000 epistolis
440 1926 538 1995 tribus,
561 1925 613 1983 sed
634 1935 771 2000 exspecto
792 1925 880 1995 alias;
915 1943 985 1983 narn
1008 1941 1056 1982 me

90 2050 94 2058 ·
118 2024 212 2080 adhuc
227 2032 293 2079 tuae
307 2023 415 2080 litterae
431 2031 633 2080 sustentarunt.
675 2021 712 2079 D.
724 2021 910 2079 Liberalibus.

335 2183 383 2237 63.
424 2177 482 2236 AD
502 2177 696 2237 A'TTICUM
717 2175 770 2234 IX.
796 2195 841 2234 10.

195 2294 258 2366 Sor.
281 2313 311 2353 ur
332 2294 487 2354 Fonmauo
508 2314 576 2353 an.
598 2313 643 2353 xv.
666 2293 828 2352 Karuunrs
849 2291 976 2352 Arruns

501 2410 585 2452 nuc.
609 2406 676 2466 705.

431 2514 534 2557 cremo
556 2515 662 2557 arrrco
682 2514 742 2556 sar..

163 2630 188 2670 r.
208 2611 301 2670 Nnrrr
318 2609 472 2682 habebam,
487 2611 567 2686 quod
587 2613 757 2682 scriberem;
780 2627 874 2685 neque
893 2607 971 2666 enim
990 2610 1057 2666 novi

118 2711 273 2784 quicquam
285 2709 431 2766 audieram
446 2710 526 2767 etad
540 2718 603 2766 tuas
615 2727 718 2767 omnes
733 2709 934 2782 rescripseram
949 2707 1057 2781 pridie;

65 2880 68 2885 Ι
119 2808 179 2875 sed,
194 2825 260 2864 cum
275 2825 322 2863 me
337 2806 487 2880 aegritudo
503 2824 563 2864 non
579 2807 673 2864 solum
694 2823 800 2863 somno
814 2805 942 2881 privaret,
958 2800 1058 2862 verum

118 2923 156 2961 ne
172 2903 288 2977 vigilare
310 2903 427 2978 quidem
450 2904 511 2961 sine
533 2921 648 2961 summo
670 2903 769 2960 dolore
791 2911 943 2977 pateretur,
958 2908 1058 2960 tecum
1093 2939 1095 2942 ⁴

118 3012 150 3058 ut
165 3001 248 3075 quasi
263 3001 404 3074 loquerer,
419 3001 449 3057 in
464 3018 523 3076 quo
543 3018 602 3058 uno
621 3001 782 3075 acquiesc0,
797 2999 855 3058 hoc
874 2998 974 3056 nescio
989 2999 1059 3073 quid

118 3099 198 3154 nullo
219 3107 390 3172 argumento
415 3097 566 3172 proposito
587 3097 711 3154 scribere
738 3096 854 3154 institui.
898 3114 923 3152 a.
945 3095 1058 3151 Amens

118 3195 188 3252 mihi
202 3195 290 3252 luisse
305 3195 403 3253 videor
418 3213 434 3252 a
449 3197 590 3271 principio
604 3205 633 3252 et
650 3213 697 3252 me
711 3213 770 3252 una
790 3194 862 3252 haec
876 3212 922 3251 res
936 3203 1057 3268 torquet,

119 3292 198 3367 quod
213 3310 274 3348 non
288 3293 424 3349 omnibus
439 3293 469 3348 in
483 3293 569 3350 rebus
589 3292 734 3349 labentem
753 3291 797 3348 vel
818 3291 913 3366 potius
928 3299 1059 3346 ruentem

119 3389 292 3464 Pompeium
306 3398 455 3464 tamquam
470 3406 543 3447 unus
555 3388 741 3465 manipularis
755 3399 870 3446 secutus
885 3387 948 3446 sim.
990 3385 1060 3444 Vidi
