2348 3788
112 219 158 281 ap.
175 205 233 289 29.]
332 219 443 268 uersu.
466 218 515 267 Ao
536 217 759 268 nnnrrranns
773 220 803 272 r.
825 223 856 289 9.
1014 201 1054 283 87

113 369 361 426 rentur-etenim
380 369 410 427 id
426 369 481 428 feci
500 387 587 445 parce
606 378 635 428 et
652 369 824 441 molliter-,
839 367 891 428 sed
906 385 965 439 eos,
980 385 1055 443 quos

114 476 178 523 erat
192 466 334 524 infinitum
348 468 423 525 bene
437 466 473 524 de
488 485 535 524 me
550 468 667 525 meritos
682 485 784 526 omnes
799 467 966 537 nominare;
982 481 1056 540 quos

114 575 214 623 tamen
227 567 307 640 ipsos
321 565 417 635 libros,
427 565 451 622 si
466 583 553 640 quern
569 567 615 623 cui
630 575 705 623 recte
720 565 901 624 committam
912 564 1055 632 invenero,

115 663 225 721 curabo
241 662 280 721 ad
298 672 326 719 te
345 662 539 737 perferendos
582 663 679 737 Atque
701 664 786 720 istam
807 661 925 738 quidem
945 671 1057 735 partem

114 762 191 818 vitae
221 759 495 835 consuetudinisque
525 769 640 817 nostrae
671 768 763 818 totam
792 759 830 818 ad
869 769 898 818 te
940 757 1055 816 defero:

115 867 258 934 quantum
276 857 382 925 litteris
397 867 538 932 quantum
557 857 667 922 studiis,
683 858 826 915 veteribus
840 857 946 915 nostris
962 855 1057 914 delec-

115 955 283 1026 tationibus
303 955 451 1030 consequi
478 954 644 1030 poterimus,
672 955 701 1011 id
730 972 818 1012 omne
846 955 884 1012 ad
911 953 1058 1012 arbitrium
1097 976 1098 979 ¹

115 1063 208 1121 tuum,
230 1053 279 1128 qui
300 1052 372 1130 haec
393 1069 508 1127 semper
529 1052 638 1121 amasti,
659 1051 845 1110 libentissime
866 1050 1057 1110 conferemus.

118 1169 167 1221 24.
190 1149 273 1221 Quae
288 1150 325 1206 ad
338 1167 386 1207 me
402 1148 438 1206 de
452 1149 508 1206 tuis
522 1151 607 1208 rebus
621 1149 787 1208 domesticis
802 1149 909 1218 scribis
925 1165 1057 1223 quaeque

116 1248 188 1306 mihi
202 1248 400 1317 commendas,
415 1264 450 1304 ea
463 1255 559 1305 tantae
572 1248 642 1305 mihi
657 1266 741 1306 curae
761 1256 835 1317 sunt,
850 1256 882 1305 ut
900 1265 948 1305 me
968 1246 1058 1304 nolim

116 1345 276 1414 admoneri,
299 1344 394 1418 rogari
421 1361 489 1401 vero
518 1345 579 1402 sine
607 1362 716 1420 magno
742 1344 841 1402 dolore
866 1344 913 1400 vix
938 1343 1057 1419 possim.

117 1442 209 1514 Quod
230 1442 266 1500 de
288 1441 389 1512 Quinti
410 1441 502 1499 fratris
521 1443 640 1517 negotio
660 1443 760 1501 scribis
779 1453 807 1500 te
827 1442 921 1518 priore
940 1451 1057 1511 aestate,

117 1541 200 1618 quod
213 1540 318 1598 morbo
329 1539 484 1615 impeditus
495 1540 525 1596 in
536 1538 667 1599 Ciliciam
678 1558 739 1598 non
750 1539 904 1610 transieris
915 1539 1059 1598 conficere

116 1657 180 1698 non
194 1638 331 1714 potuisse,
346 1656 424 1696 nunc
438 1648 535 1696 autem
548 1639 648 1696 omnia
662 1639 813 1708 facturum,
824 1648 856 1696 ut
870 1638 1015 1706 conficias,
1027 1637 1057 1695 id

117 1739 192 1797 scito
207 1755 271 1795 esse
285 1737 346 1794 eius
358 1737 448 1806 modi,
457 1746 489 1794 ut
502 1735 587 1794 frater
597 1755 680 1794 meus
691 1755 757 1794 vere
768 1736 912 1794 existimet
923 1737 1059 1794 adiuncto

116 1838 174 1894 isto
200 1834 291 1893 lundo
317 1835 523 1910 patrimonium
548 1835 610 1892 fore
635 1853 720 1893 suum
741 1853 793 1910 per
813 1843 841 1892 te
863 1834 1057 1892 constitutum.

117 1933 169 1992 Tu
183 1950 231 1990 me
245 1931 281 1988 de
296 1930 352 1989 tuis
366 1932 452 1989 rebus
466 1931 603 1988 omnibus
617 1939 646 1988 et
665 1930 702 1988 de
721 1929 835 1988 Lentuli
851 1931 892 1987 tui
911 1930 1058 2004 nostrique

117 2029 220 2088 studiis
252 2037 281 2087 et
312 2029 563 2086 exercitationibus
597 2028 682 2086 velim
718 2045 806 2104 quam
840 2027 1059 2084 familiarissime

117 2127 271 2187 certiorem
288 2134 317 2183 et
331 2143 420 2201 quam
439 2126 607 2200 saepissime
624 2125 712 2184 facias
731 2125 946 2199 existumesque
966 2124 1059 2181 nemi-

116 2243 188 2283 nem
211 2224 346 2299 cuiquam
368 2241 463 2299 neque
488 2225 628 2282 cariorem
652 2241 748 2299 neque
771 2221 971 2280 iucundiorem
994 2239 1059 2280 um·

118 2341 208 2402 quam
229 2322 316 2380 fuisse
338 2339 427 2398 quam
448 2331 476 2379 te
497 2321 576 2392 mihi,
598 2321 685 2396 idque
709 2339 757 2379 me
782 2337 843 2378 non
864 2321 955 2378 modo
976 2331 1008 2378 ut
1027 2331 1058 2379 tu

118 2422 237 2490 sentias,
252 2421 304 2478 sed
325 2428 356 2476 ut
377 2437 481 2477 omnes
501 2428 611 2495 gentes,
630 2420 717 2477 etiam
737 2428 769 2476 ut
790 2418 942 2494 posteritas
963 2419 1059 2477 omnis

118 2519 273 2595 intellegat,
283 2536 347 2576 esse
361 2518 511 2576 facturum.
542 2531 589 2590 25.
603 2517 717 2592 Appius
732 2516 762 2573 in
777 2516 959 2574 sermonibus
973 2527 1058 2575 antea

119 2619 276 2687 dictitabat,
298 2626 401 2692 postea
425 2616 496 2674 dixit
520 2616 608 2673 etiam
632 2616 663 2672 in
688 2625 789 2674 senatu
814 2614 920 2690 palam,
942 2633 1014 2686 sese,
1037 2617 1061 2674 si

118 2718 229 2778 licitum
250 2724 326 2774 esset
346 2714 442 2789 legem
464 2713 601 2772 curiatam
622 2713 703 2783 ferre,
719 2713 885 2772 sortiturum
907 2730 973 2772 esse
994 2731 1061 2771 eum

119 2815 233 2889 collega
250 2813 429 2889 provincias;
451 2813 475 2871 si
494 2812 602 2871 curiata
615 2811 662 2869 lex
676 2829 737 2869 non
752 2821 835 2880 esset,
851 2821 1063 2886 separaturum

119 2933 189 2975 cum
203 2912 315 2988 collega
328 2912 437 2986 tibique
452 2927 653 2968 successurum
661 2928 669 2980 ;
690 2909 785 2984 legem
799 2909 936 2968 curiatam
951 2911 1063 2968 consuli

118 3013 186 3072 ferri
201 3029 276 3086 opus
290 3029 363 3080 esse,
376 3028 496 3068 necesse
510 3027 571 3067 non
586 3027 650 3067 esse
658 3027 666 3078 ;
690 3027 729 3076 se,
742 3009 882 3083 quoniam
896 3027 932 3066 ex
947 3020 1063 3068 senatus

119 3110 255 3173 consulto
268 3109 445 3186 provinciam
457 3108 583 3177 haberet,
594 3107 658 3184 lege
671 3106 807 3166 Cornelia
817 3108 971 3183 imperium
982 3107 1063 3164 habi-

118 3222 225 3274 turum,
241 3207 339 3284 quoad
353 3209 383 3264 in
398 3208 500 3264 urbem
515 3206 667 3264 introisset.
698 3205 772 3280 Ego,
783 3206 852 3283 quid
864 3206 901 3264 ad
911 3216 938 3263 te
948 3214 1063 3262 tuorum

118 3309 244 3385 quisque
265 3305 495 3363 necessariorum
518 3305 630 3374 scribat,
647 3304 766 3374 nescio;
786 3304 878 3362 varias
892 3320 957 3360 esse
971 3302 1062 3376 opini-

118 3423 194 3467 ones
214 3404 369 3480 intellego:
391 3415 457 3461 sunt
478 3403 527 3480 qui
549 3412 650 3478 putant
667 3419 754 3478 posse
779 3411 807 3460 te
829 3418 891 3459 non
914 3400 1062 3473 decedere,
