2348 3788
119 165 180 248 196
387 175 427 226 M.
453 174 572 224 ruam
593 174 781 223 crounorrrs
932 155 1001 249 [rm
1015 173 1051 222 rr.

116 327 215 384 litteris
235 324 409 384 maluissem.
453 323 549 396 Nunc,
564 333 596 382 ut
617 343 711 400 spero,
730 323 811 382 brevi
832 323 1038 400 gratulabimur
1044 343 1051 394 ;

116 426 213 499 itaque
229 424 260 481 in
280 422 356 481 aliud
377 432 492 496 tempus
513 421 542 478 id
563 431 766 498 argumentum
785 423 925 498 epistolae
948 422 1053 481 differo.

119 543 145 580 2.
168 523 223 580 His
245 531 341 579 autem
362 521 460 578 litteris
481 521 611 580 animum
632 530 723 592 tuum,
744 539 833 598 quem
856 523 980 582 minime
1007 524 1055 580 im·

117 623 250 680 beeillum
273 638 337 678 esse
361 629 391 678 et
414 619 501 677 audio
522 628 552 677 et
572 637 664 694 spero,
686 619 740 678 etsi
760 637 822 678 non
847 622 1054 695 sapientissimi,

119 730 149 777 at
176 718 343 777 amicissimi
366 717 494 775 hominis
518 717 686 775 auctoritate
714 717 948 776 confirmandum
976 721 1056 778 etiam

119 829 205 894 atque
233 817 320 874 etiarn
351 825 440 892 puto;
476 833 531 874 nec
558 814 592 872 iis
623 815 741 890 quidem
768 816 869 887 verbis,
898 817 1006 893 quibus
1032 827 1056 875 te

120 915 253 973 consoler
273 923 306 973 ut
328 913 476 971 adflictum
496 921 525 970 et
545 911 602 970 iam
623 912 704 970 omni
724 930 777 988 spe
797 913 897 972 salutis
917 916 1057 985 orbatum,

120 1015 172 1072 sed
199 1024 230 1070 ut
257 1031 332 1082 eum,
358 1012 395 1070 de
423 1012 503 1069 cuius
531 1011 725 1069 incolumitate
752 1029 814 1069 non
841 1011 907 1087 plus
932 1013 1057 1071 dubitem

120 1130 208 1187 quam
230 1121 257 1168 te
281 1111 400 1168 memini
425 1109 554 1167 dubitare
579 1109 615 1166 de
640 1127 714 1166 mea.
756 1107 835 1166 Nam
858 1128 927 1168 cum
953 1129 1002 1170 me
1026 1131 1058 1170 ex

119 1229 151 1268 re
171 1209 286 1286 publica
307 1207 484 1284 expulissent
504 1207 532 1278 ii,
553 1207 603 1282 qui
627 1206 705 1264 illam
727 1207 831 1265 cadere
854 1226 943 1283 posse
970 1219 1058 1267 stante

43 1316 46 1323 '
120 1327 168 1367 me
189 1326 250 1366 non
271 1316 413 1382 putarant,
434 1305 553 1362 memini
577 1323 624 1362 me
645 1323 681 1362 ex
702 1305 798 1362 multis
818 1304 993 1381 hospitibus,
1015 1308 1059 1384 qui

121 1407 159 1464 ad
186 1424 233 1463 me
257 1423 294 1463 ex
315 1404 392 1474 Asia,
414 1403 443 1460 in
465 1421 523 1478 qua
543 1413 575 1461 tu
595 1421 668 1475 eras,
688 1412 834 1474 venerant,
855 1404 956 1462 audire
978 1415 1007 1464 te
1027 1406 1059 1464 de

121 1504 250 1580 glorioso
271 1511 300 1560 et
316 1501 400 1559 celeri
416 1501 510 1558 reditu
528 1519 595 1558 meo
617 1501 796 1567 confirmare.
814 1541 822 1551 ψ.
839 1520 866 1577 3.
890 1501 921 1560 Si
941 1512 972 1561 te
993 1504 1060 1561 ratio

121 1601 266 1678 quaedam
292 1599 365 1656 mira
392 1599 508 1657 Tuscae
533 1588 709 1676 disciplinae,
733 1593 867 1683 quam·a
893 1610 987 1676 patre,
1012 1621 1061 1661 no·

121 1698 261 1757 bilissimo
287 1706 373 1774 atque
397 1697 509 1773 optimo
532 1694 615 1768 viro,'·
625 1680 786 1773 acceperas
799 1716 870 1756 ³n0n
894 1698 1004 1770 fefellit,
1027 1719 1061 1758 ne

123 1816 178 1856 nos
205 1795 322 1872 quidem
346 1805 444 1853 nostra
466 1793 609 1854 divinatio
627 1791 713 1860 fallet,
735 1813 824 1872 quam
851 1815 920 1854 eum
949 1800 1061 1875 sapien·

124 1896 300 1954 tissimorum
321 1895 448 1952 virorum
474 1890 670 1952 monumentis
697 1903 783 1970 atque
811 1899 976 1972 praeceptis
1004 1899 1062 1975 plu·

123 1995 263 2068 rimoque,
282 2001 314 2050 ut
334 2002 366 2050 tu
387 1993 450 2064 scis,
471 1992 618 2050 doctrinae
639 1992 743 2062 studio,
763 2001 825 2049 tum
845 2011 955 2069 magno
979 1997 1063 2054 etiarn

123 2110 179 2149 usu
200 2091 366 2149 tractandae
387 2091 428 2148 rei
452 2091 583 2166 publicae
607 2108 770 2167 magnaque
798 2101 965 2150 nostrorum
993 2104 1062 2152 tern-

123 2186 236 2267 porum:
249 2189 382 2247 varietate
405 2189 554 2247 consecuti
578 2207 695 2261 sumus;
732 2209 759 2262 4.
781 2191 827 2249 eui
850 2192 970 2266 quidem
989 2194 1062 2251 'divi-

125 2289 235 2346 nationi
257 2287 314 2344 hoc
336 2287 401 2363 plus
425 2286 605 2356 confidimus,
629 2287 709 2362 quod
733 2306 768 2345 ea
792 2306 847 2346 nos
869 2289 940 2346 nihil
965 2291 997 2348 in
1012 2291 1062 2348 ‘his

123 2396 184 2444 tam
203 2384 333 2443 obscuris
351 2385 437 2441 rebus
456 2393 572 2459 tamque
592 2385 761 2460 perturbatis
781 2404 921 2461 umquam
940 2390 1063 2447 omnino

64 2483 75 2503 ¹⁴
126 2483 229 2542 fefellit
272 2483 415 2553 Dicerem,
436 2500 510 2557 quae
535 2493 601 2540 ante
622 2482 716 2541 futura
737 2485 880 2556 dixissem,
903 2487 932 2544 ni
953 2506 1064 2548 vererer

125 2602 162 2642 ne
183 2601 220 2641 ex
247 2581 355 2640 eventis
375 2580 484 2655 fingere
505 2580 615 2639 viderer
622 2600 631 2653 ;
663 2582 714 2640 sed
738 2592 835 2641 tamen
858 2583 975 2659 plurimi
1000 2597 1064 2646 sunt

125 2690 213 2739 testes
243 2697 291 2737 me
318 2687 347 2737 et
376 2677 466 2748 initio,
494 2696 532 2736 ne
561 2679 749 2755 coniungeret
776 2699 807 2739 se
834 2701 901 2740 curn
930 2682 1063 2756 Caesare,

125 2779 274 2837 monuisse
295 2776 475 2852 Pompeium,
495 2786 524 2834 et
544 2787 654 2852 postea,
674 2797 711 2836 ne
733 2797 764 2837 se
785 2780 967 2856 diiungeret:
995 2803 1065 2843 con-

126 2877 273 2937 iunctione
297 2874 391 2949 frangi
417 2884 533 2934 senatus
558 2894 639 2952 opes,
657 2877 833 2937 diiunctione
856 2881 936 2938 civile
957 2884 1066 2943 bellum

127 2976 243 3036 excitari
264 2974 404 3031 videbam.
446 2974 542 3048 Atque
566 2977 666 3032 utebar
689 2976 906 3036 familiarissime
931 2979 1065 3055 Caesare,

128 3074 301 3151 Pompeium
321 3071 461 3129 faciebam
482 3072 612 3146 plurimi;
642 3074 694 3132 sed
714 3084 774 3133 erat
794 3095 892 3134 meum
912 3082 1066 3139 consilium

129 3193 196 3233 cum
224 3171 307 3230 fidele
334 3169 484 3245 Pompeio,
512 3180 574 3228 tum
605 3171 728 3231 salutare
759 3175 878 3250 utrique.
932 3191 958 3251 5.
982 3179 1067 3250 Quae

129 3283 277 3351 praeterea
296 3269 475 3347 providerim,
491 3280 656 3344 praetereo;
679 3273 748 3330 nolo
769 3274 846 3330 enirn
867 3274 944 3353 hunc
963 3277 1001 3336 de
1019 3298 1067 3338 me

130 3373 239 3450 optime
267 3371 400 3430 meritum
427 3369 582 3428 existima·-
620 3389 650 3414 οὐ
684 3390 729 3414 'ne
760 3373 880 3430 vecisse
915 3374 1065 3453 Pompei0,

1012 3678 1098 3781 ’Ἢ
