2356 3810
85 235 128 304 ap.
145 221 200 304 54]
294 233 406 283 narse.
429 233 479 281 Aa
499 233 664 281 Arrrcmu
687 234 772 283 vrri:
788 240 817 303 3.
967 229 1026 302 137

83 391 151 465 Age
164 390 230 454 iarn,
243 407 310 447 cum
324 389 410 448 fratre
425 409 462 448 an
478 390 540 449 sine
555 409 590 449 eo
606 408 673 448 curn
688 389 767 448 filio?
788 407 826 447 an
841 406 899 464 quo
915 385 1025 447 modo?

83 488 114 543 in
130 497 250 561 utraque
268 488 345 545 enim
365 507 395 546 re
412 505 527 546 summa
543 486 695 545 difficultas
714 487 775 556 erit,
790 503 921 544 summus
935 485 1024 543 animi

84 583 176 642 dolor.
219 581 278 654 Qui
303 595 399 643 autem
423 585 547 660 impetus
570 584 644 642 illius
669 584 722 641 erit
749 580 862 642 in'nos
890 583 1026 640 absentes

84 681 272 755 fortunasque
293 683 426 740 nostras?
469 682 573 739 Acrior
593 699 683 756 quam
703 681 733 738 in
755 690 924 750 ceterorum,
945 678 1025 755 quod

84 779 196 852 putabit
228 778 349 836 sortasse
381 780 411 836 in
442 780 527 836 nobis
555 778 695 837 violandis
723 778 830 853 aliquid
859 794 890 836 se
918 777 1026 834 habere

85 875 233 950 populare.
277 878 343 950 Age
365 877 431 945 iam,
451 876 503 934 has
525 877 691 952 compedes,
712 875 812 946 fasces,
828 875 955 950 inquam,
971 874 1027 932 hos

84 970 227 1028 laureatos
255 973 356 1031 efferre
384 993 421 1032 ex
440 961 532 1032 ¹Italia
560 991 647 1050 quam
677 972 831 1031 molestum
860 974 919 1030 estl
967 970 1027 1042 Qui

85 1075 182 1123 autem
196 1067 278 1126 locus
292 1069 344 1126 erit
358 1070 443 1128 nobis
457 1080 541 1141 tutus,
557 1079 589 1127 ut
608 1070 665 1126 iam
683 1069 802 1144 placatis
821 1077 936 1125 utamur
954 1065 1026 1124 fluc-

12 1214 17 1222 ,
85 1164 169 1233 tibus,
185 1174 354 1240 antequam
369 1166 407 1225 ad
420 1166 499 1223 illum
510 1167 692 1224 venerimus?
712 1184 769 1241 qua
783 1175 880 1223 autem
894 1173 943 1223 aut
958 1181 1027 1239 quo,

86 1260 155 1317 nihil
178 1263 303 1319 scimus·
336 1264 363 1322 6¹.
391 1263 431 1320 At
455 1264 478 1321 si
493 1263 623 1320 restitero
645 1272 676 1321 et
699 1262 782 1320 suerit
806 1263 892 1320 nobis
916 1262 947 1319 in
971 1261 1026 1319 hac

86 1367 167 1431 parte
181 1358 271 1429 locus,
294 1358 373 1417 idem
397 1359 501 1429 fecero,
524 1360 604 1435 quod
628 1360 658 1417 in
686 1359 798 1420 Cinnae
826 1360 1026 1418 dominatione

87 1454 244 1530 Philippus,
268 1457 348 1531 quod
376 1456 409 1514 L.
432 1457 561 1528 Flaccus,
586 1457 667 1532 quod
691 1457 734 1530 Q.>
752 1456 877 1528 Mucius
903 1474 1024 1532 quoquo

87 1552 178 1609 modo
199 1571 235 1610 ea
255 1571 301 1611 res
322 1553 388 1612 huic
410 1555 529 1630 quidem
550 1555 661 1625 cecidit,
682 1556 731 1631 qui
752 1565 851 1614 tamen
871 1555 911 1612 ita
931 1555 1026 1613 dicere

87 1648 205 1720 solebat,
217 1668 248 1708 se
263 1650 293 1708 id
307 1651 367 1709 fore
378 1652 480 1722 videre,
493 1652 574 1728 quod
588 1651 695 1710 factum
710 1661 762 1724 est,
774 1653 825 1711 sed
839 1652 924 1710 malle
939 1670 1027 1727 quarn

86 1756 227 1804 armatum
243 1748 280 1806 ad
295 1749 403 1823 patriae
414 1751 530 1807 moenia
541 1750 686 1808 accedere.
716 1750 808 1808 Aliter
817 1749 1024 1825 Thrasybulus,

86 1854 115 1901 et
129 1843 250 1903 fortasse
265 1847 382 1918 melius;
404 1847 456 1906 sed
471 1856 514 1906 est
529 1858 606 1905 certa
620 1847 764 1924 quaedam
778 1847 825 1905 illa
844 1846 934 1906 Mucii
953 1849 1026 1905 ratio

87 1953 173 2018 atque
201 1945 351 2015 sententia,
380 1955 423 2002 est
451 1945 498 2002 illa
525 1945 612 2002 etiam
641 1941 799 2024 [Philippi],
828 1955 866 2016 et,
895 1963 962 2002 curn
991 1946 1027 2002 sit
1106 2019 1108 2026 A

86 2058 215 2110 necesse,
231 2041 335 2098 servire
349 2042 474 2117 tempori
493 2052 522 2100 et
540 2059 601 2099 non
621 2042 750 2100 amittere
769 2035 893 2118 ternpus,
905 2059 972 2100 cum
992 2043 1028 2100 sit

86 2138 194 2194 datum.
244 2136 303 2196 Sed
331 2140 361 2195 in
388 2139 446 2198 hoc
473 2141 539 2214 ipso
567 2139 675 2197 habent
702 2148 800 2197 tamen
828 2139 905 2197 idem
933 2138 1026 2197 fasces

85 2234 263 2292 molestiam:
292 2236 329 2293 sit
352 2236 431 2294 enim
456 2221 542 2295 nobis
566 2238 684 2307 amicuS,
707 2236 788 2312 quod
812 2237 953 2294 incertum
973 2247 1025 2308 est,

86 2332 138 2391 sed
155 2334 207 2390 sit:
230 2332 337 2390 deferet
357 2334 541 2410 triumphum.
585 2333 654 2392 Non
673 2328 812 2409 accipere,
825 2336 845 2405 †
860 2352 897 2391 ne
917 2335 1027 2409 pericu·
1063 2333 1064 2336 ’

86 2431 180 2489 losum
195 2431 238 2500 sit,
254 2430 426 2489 invidiosum
439 2434 477 2491 ad
491 2433 593 2490 bonos.
637 2429 664 2490 Ο
679 2449 749 2501 rem,
764 2431 867 2507 inquis,
883 2430 1027 2490 difficilem

86 2539 114 2586 et
133 2528 378 2603 inexplicabilem!
400 2531 478 2606 atqui
497 2529 669 2604 explicanda
686 2539 736 2587 est
780 2529 860 2601 Quid
874 2529 952 2586 enim
967 2529 1027 2587 fieri

85 2629 201 2703 potest?
224 2644 259 2685 ac
278 2645 315 2684 ne
330 2645 377 2684 me
391 2628 562 2699 existimaris
577 2627 615 2685 ad
628 2626 807 2684 manendum
821 2645 885 2684 esse
900 2645 1026 2704 propen-

86 2726 201 2794 siorem,
216 2725 297 2799 quod
316 2725 398 2799 plura
416 2725 446 2782 in
465 2733 660 2799 campartem
679 2725 767 2782 verba
787 2723 912 2792 fecerim,
932 2735 1028 2801 potest

86 2822 155 2891 fieri,
166 2822 245 2897 quod
257 2822 288 2879 fit
302 2823 331 2879 in
346 2822 441 2879 multis
455 2823 682 2897 quaestionibus
692 2831 723 2880 ut
734 2840 779 2880 res
792 2823 941 2881 verbosior
955 2823 1027 2881 baec

86 2919 178 2989 luerit,
193 2920 240 2976 illa
259 2921 360 2978 verior.
402 2919 502 2991 Quam
520 2920 560 2976 ob
574 2937 636 2992 rem
650 2928 681 2976 ut
695 2920 822 2977 maxima
836 2919 872 2978 de
886 2939 917 2978 re
932 2937 1027 2996 aequo

86 3018 184 3073 animo
200 3017 375 3087 deliberanti,
387 3017 427 3074 ita
440 3017 511 3075 mihi
526 3017 579 3074 des
593 3016 746 3074 consilium
761 3016 854 3096 velim.
896 3016 985 3075 Navis
1000 3026 1028 3074 et

85 3117 116 3170 in
143 3113 243 3171 Caieta
267 3124 310 3171 est
336 3123 435 3190 parata
458 3114 544 3171 nobis
572 3123 601 3171 et
629 3112 782 3172 Brundisii.
826 3127 851 3189 7.
877 3114 934 3171 Sed
959 3131 1028 3170 ecce

86 3211 179 3267 nuntii
191 3212 332 3268 scribente
341 3229 389 3267 me
400 3210 473 3268 haec
484 3210 547 3286 ipsa
558 3221 647 3269 noctu
658 3211 688 3268 in
701 3209 820 3281 Calen0,
831 3228 899 3269 ecce
910 3211 1025 3280 litterae,

86 3306 242 3364 Caesarem
266 3307 304 3365 ad
329 3306 498 3378 Corfinium,
522 3307 684 3366 Domitium
708 3306 829 3366 Corfinii
853 3326 920 3366 cum
943 3309 1027 3366 firmo

86 3406 213 3477 exercitu
241 3414 269 3464 et
296 3423 427 3483 pugnare
458 3407 600 3482 cupiente.
642 3407 712 3465 Non
745 3416 817 3483 puto
849 3407 935 3486 etiam
969 3406 1026 3468 hoc
