2348 3788
179 197 242 263 206
450 211 489 259 M.
515 211 635 259 rurrrr
657 212 844 260 arcanorum
870 229 873 234 ·
997 198 1064 283 [aas
1078 213 1115 262 rv.

178 365 310 424 Caesaris
325 375 384 423 tam
400 383 498 422 severa
512 364 604 433 fuerit,
620 366 669 442 qui
684 375 745 422 tum
759 366 905 440 praetorio
924 367 992 424 loco
1013 366 1118 438 dixerit,

178 463 371 521 consularium
393 469 474 535 putat
494 459 618 519 leniores
640 460 738 531 fuisse,
753 461 855 529 Catuli,
877 462 997 533 Servilii,
1018 463 1117 520 Lucul-

177 561 280 630 lorum,
301 557 444 628 Curionis,
461 557 612 634 Torquati,
633 559 744 634 Lepidi,
761 559 855 630 Gellii,
871 559 1006 631 Vulcatii,
1021 560 1118 636 Figuli,

179 657 292 726 Cottae,
307 656 341 713 L.
357 655 498 726 Caesaris,
520 656 553 714 C.
569 657 692 728 Pisonis,
712 657 798 714 etiam
820 657 872 716 Μ’.
887 657 1065 728 Glabrionis,
1080 658 1118 716 Si-

178 755 244 824 lani,
261 754 409 824 Murenae,
426 754 641 829 designatorum
662 755 822 813 consulum.
858 754 916 813 Cur
930 773 1001 830 ergo
1013 758 1044 814 in
1059 776 1119 815 sen·

178 854 298 910 tentiam
313 852 454 910 Catonis?
496 851 574 922 Quia
588 853 682 910 verbis
696 853 931 912 luculentioribus
946 865 974 914 et
994 856 1119 930 pluribus

178 970 240 1009 rem
254 951 378 1008 eandem
393 951 661 1026 comprehenderat.
697 951 748 1008 Me
760 963 856 1010 autem
867 952 913 1010 hic
926 953 1034 1022 laudat,
1044 953 1120 1028 quod

178 1050 342 1120 rettulerim,
365 1068 426 1107 non
447 1050 528 1124 quod
548 1049 741 1124 patefecerim,
764 1051 932 1108 cohortatus
957 1052 1023 1121 sim,
1045 1050 1121 1126 quod

179 1149 304 1224 denique
326 1158 401 1218 ante,
417 1165 505 1223 quam
527 1148 717 1218 consulerem,
739 1149 801 1223 ipse
822 1149 1028 1207 iudicaverim:
1050 1168 1120 1225 quae

179 1248 286 1317 omnia,
308 1247 376 1321 quia
398 1244 473 1304 Cato
494 1244 627 1303 laudibus
648 1247 788 1322 extulerat
808 1247 839 1304 in
863 1247 976 1305 caelum
993 1248 1120 1323 perscri-

179 1347 333 1420 bendaque
353 1355 512 1414 censuerat,
527 1343 633 1402 idcirco
656 1345 685 1400 in
706 1345 767 1402 eius
790 1346 962 1402 sententiam
983 1356 1029 1404 est
1050 1346 1121 1404 facta

179 1444 326 1504 discessio.
371 1442 429 1499 Hic
458 1451 555 1498 autem
582 1459 613 1499 se
642 1443 729 1499 etiam
754 1443 877 1500 tribuere
902 1443 1030 1501 multum
1053 1443 1121 1500 mihi

178 1551 267 1618 putat,
291 1541 371 1616 quod
396 1539 541 1613 scripserit
562 1539 722 1613 ‘optimum
743 1540 910 1598 consulem!
947 1540 1024 1612 Quis
1046 1542 1121 1599 enim

179 1638 301 1695 ieiunius
323 1637 394 1694 dixit
418 1636 571 1694 inimicus?
613 1637 661 1693 Ad
686 1646 782 1694 cetera
805 1655 872 1695 vero
898 1638 949 1696 tibi
972 1657 1064 1714 quem
1087 1639 1121 1695 ad

178 1735 300 1792 modum
321 1734 480 1809 rescripsit!
502 1743 613 1791 tantum
635 1743 726 1808 rogat,
741 1734 778 1791 de
799 1746 914 1794 senatus
936 1737 1073 1794 consulto
1094 1747 1122 1793 ut

179 1833 316 1908 corrigas.
359 1832 427 1895 Hoc
442 1831 560 1906 quidem
575 1831 697 1902 fecisset,
712 1833 799 1890 etiam
819 1834 843 1890 si
858 1837 878 1904 †
893 1835 967 1892 rario
987 1835 1120 1892 admoni-

179 1943 225 1989 tus
246 1941 329 1989 esset.
374 1950 399 1988 a.
424 1929 482 1987 Sed
503 1931 574 1988 haec
596 1931 698 1987 iterum
719 1931 781 2004 ipse
802 1931 911 1991 viderit.
954 1931 1001 1989 De
1023 1932 1120 2000 hortis,

178 2030 317 2106 quoniam
338 2030 453 2104 probaS,
469 2028 551 2086 effice
570 2028 695 2103 aliquid:
716 2029 842 2086 rationes
861 2047 941 2087 meas
962 2031 1048 2088 nosti.
1093 2030 1121 2087 Si

179 2147 246 2185 vero
267 2128 352 2184 etiam
372 2145 390 2184 a
408 2126 531 2183 Faberio
547 2127 567 2196 †
583 2125 689 2201 aliquid
709 2126 824 2196 recedit,
839 2126 909 2192 nihil
930 2128 1042 2201 negotii
1063 2139 1106 2186 est
1112 2147 1120 2198 ;

179 2227 231 2284 sed
256 2227 342 2284 etiam
371 2225 433 2282 sine
461 2241 503 2295 eo,
525 2241 613 2299 posse
641 2223 740 2280 videor
768 2224 950 2290 contendere.
995 2224 1121 2284 Venales

179 2335 255 2382 certe
271 2333 338 2380 sunt
352 2322 449 2392 Drusi,
466 2321 586 2378 fortasse
600 2322 686 2377 etiam
701 2321 833 2378 Lamiani
849 2331 877 2379 et
898 2321 1048 2380 Cassiani:
1071 2322 1122 2380 sed

178 2440 287 2480 coram.
332 2441 358 2494 3.
373 2419 418 2477 De
430 2418 567 2476 Terentia
580 2436 640 2475 non
655 2437 775 2493 possum
790 2420 973 2477 commodius
987 2421 1120 2489 scribere,

179 2537 267 2593 quam
282 2529 313 2575 tu
328 2517 446 2575 scribis:
461 2516 588 2573 officium
603 2515 638 2573 sit
652 2517 737 2573 nobis
752 2517 1000 2592 antiquissimum
1017 2518 1041 2574 si
1052 2518 1121 2594 quid

178 2633 233 2672 nos
259 2615 395 2683 fefellerit,
418 2614 491 2671 illius
517 2613 595 2670 malo
619 2630 667 2669 me
695 2631 783 2688 quam
811 2614 868 2671 mei
895 2607 1049 2689 paenitere.
1094 2635 1119 2686 4.

179 2713 270 2772 Oviae
291 2713 324 2771 C.
336 2712 419 2770 Lollii
439 2711 567 2768 curanda
586 2719 653 2768 sunt
676 2710 738 2769 HS.
753 2729 777 2770 c.
819 2710 916 2785 Negat
936 2709 1012 2768 Eros
1034 2730 1121 2787 posse

180 2812 241 2868 sine
260 2829 316 2880 me,
331 2811 427 2880 cred0,
443 2810 522 2885 quod
537 2809 705 2884 accipienda
719 2808 815 2883 aliqua
829 2809 864 2866 sit
878 2818 906 2864 et
920 2807 1016 2865 danda
1036 2811 1120 2867 aesti-

179 2909 275 2966 matio.
317 2907 430 2964 Vellem
457 2908 509 2964 tibi
537 2907 673 2965 dixisset:
698 2907 722 2963 si
746 2907 824 2962 enim
849 2923 895 2962 res
920 2916 972 2974 est,
993 2915 1025 2962 ut
1050 2907 1121 2964 mihi

180 3007 285 3080 scribit,
308 3016 407 3080 parata
431 3023 486 3062 nec
511 3005 541 3061 in
565 3021 601 3062 eo
626 3005 691 3079 ipso
715 3004 858 3074 mentitur,
880 3021 931 3078 per
958 3013 987 3060 te
1015 3005 1121 3063 confici

179 3105 288 3181 potuit;
311 3104 340 3161 id
354 3120 518 3177 cognoscas
533 3111 562 3159 et
576 3101 712 3158 conficias
726 3101 819 3158 velim.
864 3116 889 3173 5.
913 3099 1003 3170 Quod
1022 3119 1070 3159 me
1092 3103 1122 3160 in

179 3203 274 3260 forum
289 3219 384 3269 vocas,
396 3217 432 3256 eo
443 3217 539 3268 vocas,
548 3199 626 3256 unde
641 3199 727 3255 etiarn
741 3199 826 3256 bonis
841 3199 913 3255 meis
927 3199 1013 3255 rebus
1028 3198 1121 3275 fugie-

179 3302 264 3371 bam;
287 3299 356 3375 quid
371 3298 448 3355 enim
468 3297 538 3354 mihi
558 3314 624 3353 cum
644 3295 717 3365 for0,
734 3296 794 3353 sine
814 3295 932 3365 iudiciis,
949 3295 1010 3352 sine
1032 3298 1121 3369 curia,

180 3398 211 3456 in
225 3399 326 3456 oculos
340 3395 548 3455 incurrentibus
564 3395 601 3452 iis.
622 3411 695 3442 nuos
711 3412 805 3442 aenno
826 3393 922 3449 animo
942 3392 1039 3450 videre
1059 3411 1121 3451 non
