2356 3810
114 221 177 290 270
388 219 426 268 M.
453 218 573 267 ruam
594 219 783 267 arcanorum
941 207 1012 289 [aas
1027 220 1057 268 ν.

113 377 290 436 transiemnt.
333 375 449 447 Quibus
477 377 563 433 rebus
589 393 645 450 ego
668 376 793 450 cognitis
821 382 973 434 cunctatus
997 393 1058 432 non

115 495 179 534 sum
190 495 196 544 ;
213 479 241 531 in
257 493 341 534 cursu
353 475 498 532 bonorum
511 474 697 530 consiliorum
707 472 850 547 Lepidum
862 473 1059 530 adiuvandum

115 574 219 649 putavi.
264 593 289 646 3.
311 572 461 634 Adventus
481 590 564 628 meus
586 571 655 646 quid
677 571 858 646 prolectums
879 581 964 640 esset,
983 570 1058 639 vidi;

114 672 163 728 vel·
180 671 259 746 quod
281 671 408 745 equitatu
430 686 498 726 meo
519 668 655 744 persequi
675 668 827 725 Antonium
849 679 935 743 atque
961 668 1059 743 oppri-

115 787 194 826 mere
216 769 373 843 equitatum
395 767 457 823 eius
478 785 606 842 possem,
625 765 670 822 vel
691 765 771 841 quod
792 765 934 822 exercitus
955 763 1059 838 Lepidi

115 885 180 923 eam
199 875 318 940 partem,
334 881 408 938 quae
429 873 564 938 corrupta
585 874 628 921 est
650 872 679 920 et
696 865 733 920 ab
746 879 778 919 re
791 863 907 938 publica
927 861 1058 931 alienata,

116 976 144 1021 et
163 964 306 1037 corrigere
329 971 357 1018 et
378 968 511 1019 coe'rcere
531 963 694 1036 praesentia
714 962 772 1018 mei
791 961 934 1019 exercitus
950 970 1059 1036 posset.

117 1061 219 1136 Itaque
233 1061 263 1116 in
277 1060 365 1129 Isara,
381 1060 499 1116 flumine
514 1061 652 1130 maximo,
668 1058 748 1134 quod
762 1059 791 1116 in
806 1059 915 1116 finibus
925 1069 971 1116 est
981 1057 1060 1114 Allo-

117 1163 249 1236 brogum,
275 1170 365 1235 ponte
394 1176 454 1216 uno
481 1159 526 1216 die
551 1158 629 1216 facto
656 1158 815 1215 exercitum
838 1156 975 1215 a.d.n11.
991 1156 1061 1214 Idus

117 1256 212 1314 Maias
233 1257 355 1314 traduxi.
399 1255 475 1313 Cum
489 1273 557 1313 vero
577 1256 647 1312 mihi
668 1256 831 1329 nuntiatum
852 1263 928 1313 esset
946 1253 981 1311 L.
1000 1254 1061 1310 An·

116 1356 229 1412 tonium
257 1355 449 1430 praemissum
487 1371 552 1410 cum
589 1353 731 1428 equitibus
765 1362 795 1410 et
821 1352 989 1410 cohortibus
1024 1351 1061 1408 ad

116 1452 224 1510 Forum
240 1453 304 1511 Iulii
321 1455 442 1523 venisse,
458 1453 574 1509 fratrem
595 1470 662 1509 cum
684 1452 813 1526 equitum
832 1461 967 1526 quattuor
987 1449 1062 1507 mili-

116 1551 179 1620 bus,
210 1561 242 1608 ut
270 1560 433 1608 occurreret
461 1550 496 1620 ei,
519 1550 585 1607 misi
613 1549 828 1607 a.d.v.1dus
856 1547 970 1619 Maias;
998 1549 1062 1624 ipse

116 1649 251 1707 maximis
273 1649 421 1705 itineribus
443 1666 510 1705 cum
532 1657 666 1722 quattuor
686 1647 848 1722 legionibus
870 1646 1012 1721 expeditis
1034 1656 1061 1702 et

117 1743 227 1819 reliquo
249 1746 376 1819 equitatu
398 1746 565 1820 subsequar.
609 1765 636 1816 4.
662 1745 692 1802 Si
715 1762 770 1801 nos
792 1744 946 1801 mediocris
969 1744 1060 1801 modo

118 1840 242 1899 fortuna*
254 1844 294 1900 rei
316 1843 447 1918 publicae
463 1843 613 1913 adiuverit,
629 1852 657 1899 et
678 1841 815 1898 audaciae
833 1841 1011 1916 perditorum
1033 1851 1061 1897 et

31 1999 34 2004 ,
118 1949 233 1995 nostrae
249 1940 446 1998 sollicitudinis
461 1940 507 1998 hic
523 1941 610 1998 finem
628 1940 812 2015 reperiemus.
854 1937 935 2009 Quid
949 1940 973 1996 si
986 1939 1060 1996 latro

118 2039 309 2111 praecognito
329 2046 429 2095 nostro
451 2038 575 2095 adventu
589 2056 686 2094 rursus
705 2037 735 2093 in
749 2035 861 2094 Italiam
883 2053 914 2093 se
931 2037 1062 2112 recipere

118 2137 255 2208 coeperit,
271 2133 350 2191 Bruti
365 2135 417 2192 erit
431 2135 557 2192 officium
572 2153 720 2192 occurrere
735 2135 769 2204 ei,
784 2135 830 2190 cui
844 2134 904 2191 scio
919 2152 975 2191 nec
989 2152 1059 2192 con-

118 2230 211 2287 silium
227 2250 281 2290 nec
300 2233 429 2288 animum
444 2232 615 2290 defuturum.
657 2231 724 2306 Ego
743 2240 849 2302 tamen,
864 2231 889 2288 si
903 2230 932 2288 id
946 2232 1059 2288 accide-

117 2329 161 2394 rit,
178 2328 293 2386 fratrem
316 2349 382 2387 cum
402 2331 528 2404 equitatu
549 2331 670 2401 mittam,
687 2330 734 2406 qui
749 2321 892 2404 sequatur,
908 2327 1021 2387 Italiam
1043 2349 1060 2387 a

117 2427 277 2484 vastatione
292 2428 436 2485 defendat.
477 2427 536 2485 Fac
550 2427 644 2484 valeas
658 2445 762 2502 meque
777 2437 878 2485 mutuo
893 2427 1005 2502 diligas.

258 2589 322 2642 141.
366 2584 422 2641 AD
444 2585 693 2642 FAMILIARES
715 2584 751 2651 X.
775 2603 812 2658 34
836 2586 867 2657 (ι.
884 2581 923 2662 2).

181 2695 247 2756 Sca.
269 2717 299 2755 m
320 2717 435 2757 cnsrms
456 2717 494 2756 no
509 2698 632 2757 Ponrnru
652 2699 839 2756 Anornrnurr
859 2717 897 2756 xr.
919 2697 997 2758 Kar..

457 2795 520 2852 Iun.
542 2813 624 2855 nuc.
648 2809 714 2868 711.

251 2918 283 2958 Ill.
306 2919 424 2959 LEPIDUS
446 2920 505 2959 nuP.
526 2920 603 2958 ITER.
625 2920 707 2961 PONT.
729 2918 922 2960 Max.s.1).tt.

453 3016 561 3057 TULLIO
582 3017 722 3058 CICERONI·

161 3129 184 3168 1.
209 3111 237 3169 S.
253 3131 312 3169 v.s
335 3130 361 3169 n.
377 3129 404 3169 r.
418 3130 445 3171 v.
488 3111 563 3169 Cum
578 3111 723 3169 audissem
738 3111 899 3170 Antonium
916 3130 983 3170 cum
1001 3115 1061 3172 suis

118 3210 217 3284 copiis,
233 3210 393 3285 praemisso
408 3207 440 3266 L.
455 3207 585 3266 Antonio
604 3227 670 3266 cum
685 3217 765 3283 parte
781 3211 931 3284 equitatus
946 3210 976 3266 in
991 3228 1061 3286 pro-

119 3307 242 3363 vinciam
262 3325 358 3363 meam
379 3305 484 3375 venire,
507 3323 573 3362 cum
598 3306 724 3362 exercitu
747 3324 813 3363 meo
835 3307 872 3363 ab
894 3305 1061 3365 confluente

119 3396 169 3480 [ab
184 3397 343 3487 Rhodano]
364 3414 456 3462 castra
478 3404 556 3462 movi
578 3421 611 3461 ac
632 3414 734 3462 contra
755 3421 805 3462 eos
826 3406 921 3462 venire
943 3405 1061 3464 institui.
