2348 3788
179 225 242 272 210
456 221 496 269 nr.
522 221 643 268 rurrrr
666 220 855 270 eroanorrrs
895 284 899 290 ¹
994 208 1065 292 [rae
1080 221 1135 271 tv.-

178 388 277 430 versus
291 370 465 446 navigarem,
480 373 565 449 coepi
583 373 717 448 regiones
737 370 923 430 circumcirca
941 371 1121 447 prospicere:

179 477 246 546 post
266 487 313 526 me
334 478 394 525 erat
414 469 536 545 Aegina,
558 482 625 529 ante
649 490 697 528 me
719 470 850 546 Megara,
874 470 977 528 dextra
999 468 1123 538 Piraeus

179 567 292 624 sinistra
306 564 480 639 Corinthus;
503 586 578 643 quae
596 569 706 644 oppida
724 568 853 644 quodam
866 576 1004 641 ‘ternpore
1021 565 1123 624 floren-

180 664 288 721 tissima
298 662 419 732 fuerunt,
431 683 509 723 nunc
520 675 662 740 prostrata
676 675 704 723 et
715 665 811 723 diruta
824 675 891 723 ante
906 663 1013 723 oculos
1024 664 1123 721 iacent.

180 760 273 835 Coepi
294 771 410 835 egomet
430 781 546 820 mecum
568 764 608 820 sic
629 764 773 838 cogitare:
796 762 898 819 ‘heml
921 778 978 819 nos
997 760 1124 840 homun-

180 859 237 915 culi
253 858 446 932 indignamur,
462 861 484 917 si
505 861 568 936 quis
589 869 722 918 nostrum
742 861 847 917 interiit
868 869 916 916 aut
937 861 1054 917 occisus
1076 870 1123 929 est,

181 974 306 1032 quorum
320 957 376 1013 vita
394 947 509 1015 brevior
527 976 591 1016 esse
612 958 706 1029 debet,
723 976 790 1016 cum
801 975 868 1016 uno
888 958 955 1015 loco
976 966 1023 1014 tot
1044 957 1124 1033 oppi-

182 1055 253 1112 dum
274 1055 414 1112 cadavera
434 1056 563 1130 proiecta
583 1056 696 1114 iacent?
721 1057 802 1113 visne
824 1065 854 1114 tu
874 1064 911 1125 te,
935 1054 1025 1126 Servi,
1048 1055 1124 1113 cohi-

181 1153 250 1209 bere
278 1153 307 1210 et
334 1153 500 1210 meminisse
525 1153 674 1211 hominem
702 1163 730 1211 te
759 1171 823 1211 esse
851 1150 990 1211 natumi'
1034 1153 1125 1212 Crede

183 1250 261 1321 mihi,
287 1251 463 1325 cogitatione
488 1270 524 1309 ea
547 1269 608 1308 non
632 1250 816 1309 mediocriter
840 1268 905 1308 sum
930 1250 1125 1309 confirmatus.

183 1347 252 1406 Hoc
273 1348 360 1419 idem,
376 1349 399 1405 si
419 1349 470 1407 tibi
484 1348 604 1417 videtur,
620 1348 665 1406 fac
687 1357 753 1406 ante
774 1348 876 1406 oculos
895 1348 946 1405 tibi
961 1364 1125 1424 proponas:

183 1448 274 1505 modo
293 1466 353 1505 uno
370 1457 501 1522 tempore
520 1457 561 1505 tot
575 1447 626 1504 viri
645 1447 794 1506 clarissimi
813 1447 998 1519 interierunt3
1022 1448 1059 1506 de
1077 1449 1126 1505 im·

183 1545 265 1620 perio
286 1545 386 1619 populi
408 1543 534 1601 Romani
555 1553 635 1601 tanta
657 1544 816 1602 deminutio
840 1544 915 1602 sacta
941 1554 986 1602 est
993 1564 1002 1616 ;
1026 1563 1126 1604 omnes

183 1641 347 1716 provinciae
368 1649 581 1717 conquassatae
603 1651 686 1699 sunt:
708 1642 739 1698 in
752 1641 838 1699 unius
858 1641 1047 1700 mulierculae
1068 1643 1127 1701 ani·

184 1740 262 1797 mula
279 1740 303 1796 si
317 1739 425 1796 iactura
440 1739 516 1797 facta
537 1750 590 1812 est,
604 1749 686 1798 tanto
708 1759 796 1816 opere
819 1741 1033 1800 commoveris?
1055 1759 1128 1818 quae

185 1840 209 1896 si
223 1839 280 1896 hoc
293 1847 424 1914 tempore
438 1855 499 1895 non
514 1838 591 1896 diem
610 1857 694 1896 suurn
713 1839 831 1908 obisset,
847 1838 947 1914 paucis
961 1849 1032 1913 post
1046 1841 1128 1898 annis

184 1947 282 1993 tamen
297 1935 323 1992 ei
337 1935 520 1992 moriendum
535 1935 596 2006 suit,
612 1936 751 2012 quoniam
764 1935 855 1993 homo
874 1944 943 1993 nata
956 1935 1059 1996 fuerat.
1103 1952 1127 2011 5.

185 2035 282 2094 Etiam
298 2045 329 2092 tu
350 2036 388 2092 ab
408 2033 488 2092 hisce
508 2036 594 2092 rebus
616 2036 745 2092 animum
766 2053 801 2092 ac
820 2034 1029 2109 cogitationem
1050 2045 1128 2094 tuam

186 2151 274 2192 avoca
289 2142 376 2209 atque
390 2151 424 2190 ea
438 2133 534 2207 potius
548 2132 740 2202 reminiscere,
752 2150 826 2207 quae
841 2132 928 2206 digna
942 2142 992 2189 tua
1003 2151 1129 2208 persona

186 2242 270 2290 sunt:
291 2231 376 2301 illam,
392 2249 480 2305 quam
495 2231 543 2288 diu
563 2231 589 2288 ei
604 2248 679 2306 opus
693 2229 783 2300 fuerit,
798 2230 921 2301 vixisse3
943 2247 1003 2287 una
1018 2250 1088 2289 cum
1101 2250 1128 2289 re

186 2328 301 2405 publica
322 2327 428 2398 fuisse3
453 2337 490 2398 te,
515 2337 628 2402 patrem
653 2345 745 2397 suum,
771 2337 943 2401 praetorem,
968 2329 1128 2396 consulem,

186 2443 326 2499 augurem
340 2425 463 2497 vidisse3
486 2425 718 2482 adulescentibus
731 2424 873 2499 primariis
888 2433 1010 2498 nuptam
1025 2425 1128 2496 fuisse3

186 2524 323 2580 omnibus
342 2523 427 2580 bonis
447 2540 540 2597 prope
556 2522 738 2598 perfunctam
759 2540 842 2580 esse:
865 2541 931 2579 cum
953 2525 1130 2598 respublica

187 2620 340 2690 occideret,
356 2620 413 2676 vita
427 2619 593 2677 excessisse.
637 2617 717 2688 Quid
732 2617 869 2693 estquod
884 2629 915 2675 tu
933 2629 983 2675 aut
997 2619 1046 2678 illa
1064 2638 1129 2678 cum

188 2717 303 2775 fortuna
330 2717 387 2774 hoc
414 2717 533 2774 nomine
562 2717 642 2792 queri
671 2717 808 2792 possitis?
849 2715 986 2790 Denique
1015 2718 1077 2774 noli
1104 2728 1129 2775 te

189 2816 317 2873 oblivisci
346 2814 518 2873 Ciceronem
547 2834 611 2873 esse
645 2825 674 2873 et
702 2833 778 2885 eum,
806 2815 855 2891 qui
884 2814 945 2871 aliis
980 2818 1131 2874 consueris

190 2913 355 2990 praecipere
376 2923 405 2971 et
425 2913 493 2970 dare
514 2913 674 2982 consilium,
689 2931 784 2986 neque
805 2912 907 2970 imitari
927 2911 1021 2970 malos
1042 2915 1131 2972 medi·

190 3030 249 3081 cos,
265 3011 314 3086 qui
328 3010 357 3067 in
372 3010 471 3068 alienis
485 3011 594 3067 morbis
611 3009 782 3084 profitentur
800 3018 897 3066 tenere
917 3027 948 3066 se
969 3011 1131 3069 medicinae

190 3111 349 3180 scientiam,
365 3109 420 3183 ipsi
441 3126 472 3166 se
494 3127 593 3166 curare
612 3125 673 3164 non
694 3116 832 3181 possunt3
856 3106 908 3164 sed
928 3106 1034 3182 potius,
1057 3126 1132 3183 quae

190 3208 251 3265 aliis
266 3217 325 3265 tute
339 3206 504 3283 praecipere
526 3206 610 3275 soles,
626 3223 661 3263 ea
675 3214 734 3262 tute
752 3205 803 3261 tibi
821 3204 928 3262 subiice
947 3214 1035 3279 atque
1053 3205 1132 3280 apud

190 3308 320 3363 animum
334 3321 475 3380 propone.
518 3305 544 3361 6.
567 3302 670 3370 Nullus
685 3301 768 3359 dolor
782 3312 833 3371 est,
843 3319 931 3376 quem
945 3319 1005 3359 non
1016 3301 1132 3377 longin-

191 3403 284 3478 quitas
309 3402 448 3478 temporis
474 3401 584 3457 minuat
608 3417 642 3457 ac
667 3399 796 3457 molliatt
828 3397 884 3456 hoc
908 3407 937 3456 te
962 3412 1131 3474 exspectare
