2348 3788
181 215 242 278 116
382 227 486 277 rr.
513 227 634 279 aaran
655 228 845 278 cressonis
1006 215 1071 299 [rats
1086 231 1119 280 u.

178 397 236 453 qua
256 394 347 435 unum
369 377 510 439 exstitisse
531 377 660 438 mirabile
681 388 733 450 est,
751 397 840 455 quem
860 397 917 455 ego
936 397 1052 460 currum
1071 391 1119 439 aut

177 495 266 552 quarn
286 474 413 535 lauream
434 496 502 535 cum
522 488 571 536 tua
591 478 758 536 laudatione
779 477 960 536 conferrem?
992 497 1061 537 nam
1082 480 1120 538 ad

178 593 279 632 meum,
298 592 417 632 sensum
438 584 467 632 et
488 575 527 633 ad
551 576 618 634 illud
639 576 783 634 sincerum
803 593 838 634 ac
859 576 961 634 subtile
981 577 1120 635 iudicium

179 673 249 732 nihil
272 683 368 749 potest
382 692 446 732 esse
460 673 631 735 laudabilius
648 692 737 750 quam
751 692 787 732 ea
803 683 852 732 tua
871 675 971 744 orati0,
986 687 1120 750 quaeest

177 773 217 830 ad
243 790 291 829 me
316 773 473 849 perscripta
500 791 519 832 a
545 774 618 832 meis
647 773 824 833 necessariis.
867 791 893 830 a.
916 771 974 831 Sed
1001 793 1120 833 causam

176 887 261 928 meae
274 869 435 942 voluntatis,
450 872 604 930 nonenim
624 871 720 929 dicam
739 869 911 945 cupiditatis,
926 873 1049 946 exposui
1068 874 1120 932 tibi

178 967 373 1044 superioribus
387 969 493 1040 litteris,
508 987 584 1045 quae
598 968 709 1027 etiamsi
723 985 826 1045 parum
840 967 978 1026 iusta'tibi
991 969 1053 1027 visa
1066 983 1120 1042 est,

177 1064 253 1123 hanc
267 1073 364 1124 tamen
378 1066 465 1126 habet
481 1069 632 1136 rationem,
647 1083 708 1126 non
722 1075 753 1124 ut
767 1066 854 1124 nimis
869 1067 1119 1143 concupiscendus

176 1163 282 1234 honos
303 1164 355 1222 sed
376 1174 481 1235 tamen,
504 1166 528 1224 si
549 1164 691 1226 deferatur
712 1182 732 1222 a
750 1173 861 1234 senatu,
881 1164 1000 1222 minime
1021 1185 1120 1242 asper-

178 1262 293 1321 nandus
314 1280 378 1321 esse
398 1263 535 1324 videatur.
578 1261 671 1338 Spero
693 1272 789 1321 autern
811 1261 891 1320 illum
912 1262 1045 1321 ordinem
1065 1284 1120 1340 pro

177 1361 250 1418 meis
264 1361 303 1418 ob
317 1379 379 1419 reru
392 1359 542 1436 publicam
552 1361 692 1436 susceptis
712 1360 858 1419 laboribus
877 1378 925 1441 rue
943 1377 1009 1418 non
1024 1362 1119 1439 indig-

178 1477 248 1516 num
262 1457 382 1529 honore
397 1459 508 1517 usitato·
520 1458 696 1535 praesertim,
711 1449 947 1516 existimaturum.
989 1456 1080 1530 Quod
1095 1463 1118 1520 si

177 1556 221 1614 ita
237 1555 297 1625 erit,
318 1563 431 1613 tantum
452 1575 492 1614 ex
509 1565 541 1614 te
558 1565 637 1632 peto,
658 1555 739 1632 quod
759 1555 931 1616 amicissime
951 1557 1062 1628 scribis
1079 1570 1117 1629 ut,

178 1671 246 1712 cum
267 1661 320 1710 tuo
339 1652 453 1724 iudicio,
469 1653 555 1728 quod,
570 1652 780 1729 amplissimum
798 1671 863 1712 esse
881 1654 1035 1726 arbitraris
1049 1658 1118 1716 mihi

178 1749 318 1820 tribueris,
343 1749 368 1807 si
394 1749 433 1819 id,
456 1751 536 1826 quod
560 1749 697 1820 maluero,
725 1749 869 1821 acciderit,
893 1750 1042 1826 gaudeas:
1077 1756 1119 1815 sic

179 1848 258 1908 enim
271 1845 373 1905 fecisse
387 1857 416 1905 te
430 1856 459 1906 et
473 1849 598 1907 sensisse
613 1856 642 1906 et
660 1848 812 1924 scripsisse
829 1848 922 1919 video,
936 1867 1041 1926 resque
1056 1852 1119 1927 ipsa

179 1945 305 2006 declarat
317 1945 369 2002 tibi
382 1945 462 2003 illum
476 1945 619 2004 honorem
637 1955 769 2005 nostrum
788 1945 1002 2021 supplicationis
1017 1948 1118 2007 iucun-

180 2045 250 2103 dum
270 2040 367 2111 fuisse,
382 2041 462 2116 quod
480 2041 635 2103 scribendo
654 2042 787 2111 adfuisti;
808 2042 880 2100 haec
901 2044 981 2101 enim
1002 2056 1118 2125 senaim

180 2138 311 2199 consulta
334 2156 395 2196 non
421 2139 525 2214 ignoro
552 2139 590 2197 ab
617 2139 797 2198 amicissimis
824 2140 894 2210 eius,
916 2140 998 2200 cuius
1022 2141 1120 2202 honor

180 2239 281 2314 agitur,
297 2236 381 2294 scribi
397 2236 495 2295 solere.
537 2235 613 2313 Ego,
624 2247 656 2295 ut
669 2255 764 2313 spero,
775 2246 803 2294 te
817 2237 989 2314 propediem
1002 2241 1118 2312 videbo,

179 2346 265 2412 atque
279 2335 389 2392 utinam
402 2351 433 2390 re
447 2333 563 2410 publica
576 2333 694 2392 meliore
705 2352 793 2410 quam
806 2335 913 2393 timeo!

351 2493 399 2547 41.
441 2489 498 2548 AD
518 2489 769 2549 FAMILIARES
789 2490 874 2549 VIII.
899 2509 945 2564 14.

274 2603 340 2665 Sere
362 2602 470 2662 Rouan
490 2623 584 2666 uuusa
606 2604 771 2673 &sarusar
793 2607 829 2681 (l)
851 2624 934 2667 nuc.
958 2620 1026 2682 704.

471 2728 591 2770 cinarus
610 2729 745 2772 crcuuour
763 2731 825 2774 saa.

221 2844 248 2886 1.
270 2822 368 2882 Tnurr
391 2842 453 2882 non
475 2823 531 2884 fuit
552 2826 683 2885 Arsacen
704 2845 810 2904 capere
827 2835 857 2886 et
877 2826 1047 2886 Seleuceam
1067 2847 1117 2887 ex·

178 2939 318 3001 pugnare,
328 2929 360 2978 ut
373 2939 472 2979 earum
485 2941 587 2994 rerum,
603 2943 677 3000 quae
688 2923 735 2982 hic
748 2934 846 3000 gestae
861 2935 936 2996 sunt,
952 2927 1117 3002 spectaculo

180 3036 308 3081 careres:
343 3037 502 3095 numquam
525 3021 576 3079 tibi
600 3022 676 3080 oculi
704 3022 869 3093 doluissent,
893 3022 920 3080 si
945 3022 976 3083 iu
1002 3023 1117 3100 repulsa

180 3116 301 3176 Domitii
322 3117 430 3174 voltum
450 3117 575 3176 vidisses.
618 3118 730 3194 Magna
749 3119 797 3178 illa
817 3119 935 3191 comitia
953 3119 1068 3179 fuerunt
1089 3132 1117 3181 et

180 3216 266 3293 plane
294 3213 388 3272 studia
411 3233 447 3273 ex
475 3216 598 3290 partium
626 3234 714 3276 sensu
740 3227 952 3293 apparuerunt;
979 3220 1117 3295 perpauci

180 3312 420 3372 necessitudinem
434 3313 525 3371 secuti
538 3312 665 3371 officium
679 3315 888 3390 praestiterunt.
929 3313 1032 3391 Itaque
1046 3317 1116 3375 mihi

179 3423 223 3472 est
250 3410 395 3471 Domitius
429 3409 651 3484 inimicissimus,
679 3420 711 3472 ut
736 3430 777 3473 ue
801 3410 972 3473 familiarem
997 3413 1116 3490 quidem
