<?xml version="1.0" encoding="UTF-8"?>
<!DOCTYPE html PUBLIC "-//W3C//DTD XHTML 1.0 Transitional//EN"
    "http://www.w3.org/TR/xhtml1/DTD/xhtml1-transitional.dtd">
<html xmlns="http://www.w3.org/1999/xhtml" xml:lang="en" lang="en">
 <head>
  <title>
</title>
<meta http-equiv="Content-Type" content="text/html;charset=utf-8" />
  <meta name='ocr-system' content='tesseract 3.04.00' />
  <meta name='ocr-capabilities' content='ocr_page ocr_carea ocr_par ocr_line ocrx_word'/>
</head>
<body>
  <div class='ocr_page' id='page_1' title='image "./epistolaeselect01cicegoog_0094.png"; bbox 0 0 2356 3810; ppageno 0'>
   <div class='ocr_carea' id='block_1_1' title="bbox 150 191 1094 286">
    <p class='ocr_par' dir='ltr' id='par_1_1' title="bbox 150 191 1094 286">
     <span class='ocr_line' id='line_1_1' title="bbox 150 191 1094 286; baseline -0.003 -22"><span class='ocrx_word' id='word_1_1' title='bbox 150 199 189 284; x_wconf 90' lang='lat'>78</span> <span class='ocrx_word' id='word_1_2' title='bbox 420 211 459 260; x_wconf 83' lang='lat' dir='ltr'>rr.</span> <span class='ocrx_word' id='word_1_3' title='bbox 484 210 604 260; x_wconf 79' lang='lat' dir='ltr'>ruarrr</span> <span class='ocrx_word' id='word_1_4' title='bbox 625 210 813 259; x_wconf 80' lang='lat' dir='ltr'>crcsxorvrs</span> <span class='ocrx_word' id='word_1_5' title='bbox 975 191 1045 286; x_wconf 70' lang='lat' dir='ltr'>[Pars</span> <span class='ocrx_word' id='word_1_6' title='bbox 1060 204 1094 262; x_wconf 89' lang='lat' dir='ltr'>u.</span> 
     </span>
    </p>
   </div>
   <div class='ocr_carea' id='block_1_2' title="bbox 149 360 1111 3466">
    <p class='ocr_par' dir='ltr' id='par_1_2' title="bbox 149 360 1111 3466">
     <span class='ocr_line' id='line_1_2' title="bbox 149 360 1094 439; baseline -0.004 -16"><span class='ocrx_word' id='word_1_7' title='bbox 149 363 345 433; x_wconf 76' lang='lat' dir='ltr'>reserebantur</span> <span class='ocrx_word' id='word_1_8' title='bbox 359 361 397 420; x_wconf 93' lang='lat' dir='ltr'>ad</span> <span class='ocrx_word' id='word_1_9' title='bbox 411 379 475 434; x_wconf 84' lang='lat' dir='ltr'>me3</span> <span class='ocrx_word' id='word_1_10' title='bbox 498 360 548 439; x_wconf 91' lang='lat' dir='ltr'>qui</span> <span class='ocrx_word' id='word_1_11' title='bbox 568 379 636 420; x_wconf 91' lang='lat' dir='ltr'>eum</span> <span class='ocrx_word' id='word_1_12' title='bbox 657 361 705 420; x_wconf 85' lang='lat' dir='ltr'>ssla</span> <span class='ocrx_word' id='word_1_13' title='bbox 719 362 858 420; x_wconf 82' lang='lat' dir='ltr'><strong>sentirent</strong></span> <span class='ocrx_word' id='word_1_14' title='bbox 878 360 909 419; x_wconf 93' lang='lat' dir='ltr'>in</span> <span class='ocrx_word' id='word_1_15' title='bbox 923 379 954 419; x_wconf 93' lang='lat' dir='ltr'>re</span> <span class='ocrx_word' id='word_1_16' title='bbox 968 361 1094 437; x_wconf 87' lang='lat' dir='ltr'>publica,</span> 
     </span>
     <span class='ocr_line' id='line_1_3' title="bbox 150 460 1096 539; baseline -0.003 -18"><span class='ocrx_word' id='word_1_17' title='bbox 150 481 224 539; x_wconf 93' lang='lat' dir='ltr'>quae</span> <span class='ocrx_word' id='word_1_18' title='bbox 245 479 301 538; x_wconf 82' lang='lat' dir='ltr'>ego</span> <span class='ocrx_word' id='word_1_19' title='bbox 321 460 456 535; x_wconf 84' lang='lat' dir='ltr'>agebam,</span> <span class='ocrx_word' id='word_1_20' title='bbox 471 477 644 537; x_wconf 84' lang='lat' dir='ltr'>semperque</span> <span class='ocrx_word' id='word_1_21' title='bbox 665 461 830 531; x_wconf 87' lang='lat' dir='ltr'>sensissent,</span> <span class='ocrx_word' id='word_1_22' title='bbox 844 479 893 518; x_wconf 89' lang='lat' dir='ltr'>me</span> <span class='ocrx_word' id='word_1_23' title='bbox 913 469 1011 518; x_wconf 90' lang='lat' dir='ltr'>tamen</span> <span class='ocrx_word' id='word_1_24' title='bbox 1033 478 1096 518; x_wconf 91' lang='lat' dir='ltr'>non</span> 
     </span>
     <span class='ocr_line' id='line_1_4' title="bbox 150 557 1097 634; baseline -0.006 -14"><span class='ocrx_word' id='word_1_25' title='bbox 150 562 219 620; x_wconf 89' lang='lat' dir='ltr'>satis</span> <span class='ocrx_word' id='word_1_26' title='bbox 246 560 340 619; x_wconf 87' lang='lat' dir='ltr'>facere</span> <span class='ocrx_word' id='word_1_27' title='bbox 364 557 507 633; x_wconf 91' lang='lat' dir='ltr'>Pompeio</span> <span class='ocrx_word' id='word_1_28' title='bbox 529 557 744 634; x_wconf 85' lang='lat' dir='ltr'>Caesaremque</span> <span class='ocrx_word' id='word_1_29' title='bbox 765 558 995 617; x_wconf 91' lang='lat' dir='ltr'>inimicissimum</span> <span class='ocrx_word' id='word_1_30' title='bbox 1023 557 1097 615; x_wconf 91' lang='lat' dir='ltr'>mihi</span> 
     </span>
     <span class='ocr_line' id='line_1_5' title="bbox 150 655 1097 734; baseline -0.004 -18"><span class='ocrx_word' id='word_1_31' title='bbox 150 659 277 718; x_wconf 86' lang='lat' dir='ltr'>futurum</span> <span class='ocrx_word' id='word_1_32' title='bbox 298 657 424 734; x_wconf 87' lang='lat' dir='ltr'>gaudere</span> <span class='ocrx_word' id='word_1_33' title='bbox 445 674 476 714; x_wconf 91' lang='lat' dir='ltr'>se</span> <span class='ocrx_word' id='word_1_34' title='bbox 497 657 619 714; x_wconf 87' lang='lat' dir='ltr'>aiebant</span> <span class='ocrx_word' id='word_1_35' title='bbox 662 655 734 714; x_wconf 91' lang='lat' dir='ltr'>Erat</span> <span class='ocrx_word' id='word_1_36' title='bbox 754 656 811 714; x_wconf 92' lang='lat' dir='ltr'>hoc</span> <span class='ocrx_word' id='word_1_37' title='bbox 832 655 902 713; x_wconf 95' lang='lat' dir='ltr'>mihi</span> <span class='ocrx_word' id='word_1_38' title='bbox 928 655 1097 726; x_wconf 91' lang='lat' dir='ltr'>dolendum,</span> 
     </span>
     <span class='ocr_line' id='line_1_6' title="bbox 151 752 1097 829; baseline -0.003 -16"><span class='ocrx_word' id='word_1_39' title='bbox 151 755 203 813; x_wconf 92' lang='lat' dir='ltr'>sed</span> <span class='ocrx_word' id='word_1_40' title='bbox 230 755 321 812; x_wconf 90' lang='lat' dir='ltr'>multo</span> <span class='ocrx_word' id='word_1_41' title='bbox 349 753 419 812; x_wconf 92' lang='lat' dir='ltr'>illud</span> <span class='ocrx_word' id='word_1_42' title='bbox 446 754 547 828; x_wconf 83' lang='lat' dir='ltr'>magis,</span> <span class='ocrx_word' id='word_1_43' title='bbox 573 752 653 829; x_wconf 91' lang='lat' dir='ltr'>quod</span> <span class='ocrx_word' id='word_1_44' title='bbox 681 753 830 812; x_wconf 91' lang='lat' dir='ltr'>inimicum</span> <span class='ocrx_word' id='word_1_45' title='bbox 854 771 1097 812; x_wconf 89' lang='lat' dir='ltr'>meum—meum</span> 
     </span>
     <span class='ocr_line' id='line_1_7' title="bbox 151 851 1097 928; baseline -0.001 -17"><span class='ocrx_word' id='word_1_46' title='bbox 151 853 271 911; x_wconf 87' lang='lat' dir='ltr'>autem?</span> <span class='ocrx_word' id='word_1_47' title='bbox 291 853 382 910; x_wconf 92' lang='lat' dir='ltr'>immo</span> <span class='ocrx_word' id='word_1_48' title='bbox 396 869 465 910; x_wconf 91' lang='lat' dir='ltr'>vero</span> <span class='ocrx_word' id='word_1_49' title='bbox 478 851 585 926; x_wconf 89' lang='lat' dir='ltr'>legum,</span> <span class='ocrx_word' id='word_1_50' title='bbox 600 851 779 923; x_wconf 92' lang='lat' dir='ltr'>iudiciorum,</span> <span class='ocrx_word' id='word_1_51' title='bbox 794 852 853 924; x_wconf 93' lang='lat' dir='ltr'>otii,</span> <span class='ocrx_word' id='word_1_52' title='bbox 868 852 986 928; x_wconf 87' lang='lat' dir='ltr'>patriae,</span> <span class='ocrx_word' id='word_1_53' title='bbox 1000 852 1097 911; x_wconf 91' lang='lat' dir='ltr'>bono·</span> 
     </span>
     <span class='ocr_line' id='line_1_8' title="bbox 152 943 1099 1021; baseline -0.001 -17"><span class='ocrx_word' id='word_1_54' title='bbox 152 964 217 1005; x_wconf 89' lang='lat' dir='ltr'>rum</span> <span class='ocrx_word' id='word_1_55' title='bbox 237 945 452 1004; x_wconf 89' lang='lat' dir='ltr'>omnium-sic</span> <span class='ocrx_word' id='word_1_56' title='bbox 472 943 718 1021; x_wconf 86' lang='lat' dir='ltr'>amplexabantur,</span> <span class='ocrx_word' id='word_1_57' title='bbox 740 946 782 1005; x_wconf 93' lang='lat' dir='ltr'>sic</span> <span class='ocrx_word' id='word_1_58' title='bbox 802 946 833 1003; x_wconf 92' lang='lat' dir='ltr'>in</span> <span class='ocrx_word' id='word_1_59' title='bbox 853 945 988 1004; x_wconf 92' lang='lat' dir='ltr'>manibus</span> <span class='ocrx_word' id='word_1_60' title='bbox 1008 945 1099 1004; x_wconf 91' lang='lat' dir='ltr'>habe·</span> 
     </span>
     <span class='ocr_line' id='line_1_9' title="bbox 152 1042 1098 1118; baseline 0 -17"><span class='ocrx_word' id='word_1_61' title='bbox 152 1045 231 1114; x_wconf 89' lang='lat' dir='ltr'>bant,</span> <span class='ocrx_word' id='word_1_62' title='bbox 246 1043 288 1102; x_wconf 91' lang='lat' dir='ltr'>sic</span> <span class='ocrx_word' id='word_1_63' title='bbox 302 1042 446 1113; x_wconf 79' lang='lat' dir='ltr'>fovebant,</span> <span class='ocrx_word' id='word_1_64' title='bbox 461 1042 503 1102; x_wconf 91' lang='lat' dir='ltr'>sic</span> <span class='ocrx_word' id='word_1_65' title='bbox 519 1060 568 1100; x_wconf 88' lang='lat' dir='ltr'>me</span> <span class='ocrx_word' id='word_1_66' title='bbox 586 1051 739 1118; x_wconf 86' lang='lat' dir='ltr'>praesente</span> <span class='ocrx_word' id='word_1_67' title='bbox 752 1042 965 1114; x_wconf 89' lang='lat' dir='ltr'>osculabantur,</span> <span class='ocrx_word' id='word_1_68' title='bbox 981 1061 1043 1102; x_wconf 91' lang='lat' dir='ltr'>non</span> <span class='ocrx_word' id='word_1_69' title='bbox 1058 1043 1098 1101; x_wconf 94' lang='lat' dir='ltr'>illi</span> 
     </span>
     <span class='ocr_line' id='line_1_10' title="bbox 153 1138 1099 1218; baseline 0.002 -20"><span class='ocrx_word' id='word_1_70' title='bbox 153 1141 270 1218; x_wconf 90' lang='lat' dir='ltr'>quidem</span> <span class='ocrx_word' id='word_1_71' title='bbox 284 1151 316 1199; x_wconf 93' lang='lat' dir='ltr'>ut</span> <span class='ocrx_word' id='word_1_72' title='bbox 333 1139 404 1198; x_wconf 92' lang='lat' dir='ltr'>mihi</span> <span class='ocrx_word' id='word_1_73' title='bbox 426 1138 608 1199; x_wconf 91' lang='lat' dir='ltr'>stomachum</span> <span class='ocrx_word' id='word_1_74' title='bbox 633 1138 760 1199; x_wconf 90' lang='lat' dir='ltr'>facerent</span> <span class='ocrx_word' id='word_1_75' title='bbox 783 1158 870 1216; x_wconf 90' lang='lat' dir='ltr'>quem</span> <span class='ocrx_word' id='word_1_76' title='bbox 892 1158 949 1217; x_wconf 89' lang='lat' dir='ltr'>ego</span> <span class='ocrx_word' id='word_1_77' title='bbox 967 1139 1099 1200; x_wconf 85' lang='lat' dir='ltr'>funditus</span> 
     </span>
     <span class='ocr_line' id='line_1_11' title="bbox 154 1238 1097 1318; baseline -0.001 -19"><span class='ocrx_word' id='word_1_78' title='bbox 154 1241 275 1318; x_wconf 92' lang='lat' dir='ltr'>perdidi,</span> <span class='ocrx_word' id='word_1_79' title='bbox 301 1238 354 1298; x_wconf 91' lang='lat' dir='ltr'>sed</span> <span class='ocrx_word' id='word_1_80' title='bbox 375 1248 453 1298; x_wconf 89' lang='lat' dir='ltr'>certe</span> <span class='ocrx_word' id='word_1_81' title='bbox 473 1248 505 1296; x_wconf 93' lang='lat' dir='ltr'>ut</span> <span class='ocrx_word' id='word_1_82' title='bbox 525 1238 620 1299; x_wconf 89' lang='lat' dir='ltr'>facere</span> <span class='ocrx_word' id='word_1_83' title='bbox 642 1258 674 1298; x_wconf 90' lang='lat' dir='ltr'>se</span> <span class='ocrx_word' id='word_1_84' title='bbox 695 1239 907 1298; x_wconf 86' lang='lat' dir='ltr'>arbitrarentur.</span> <span class='ocrx_word' id='word_1_85' title='bbox 949 1238 1009 1297; x_wconf 93' lang='lat' dir='ltr'>Hic</span> <span class='ocrx_word' id='word_1_86' title='bbox 1030 1257 1097 1315; x_wconf 80' lang='lat' dir='ltr'>ege,</span> 
     </span>
     <span class='ocr_line' id='line_1_12' title="bbox 153 1337 1098 1416; baseline -0.002 -18"><span class='ocrx_word' id='word_1_87' title='bbox 153 1349 296 1416; x_wconf 91' lang='lat' dir='ltr'>quantum</span> <span class='ocrx_word' id='word_1_88' title='bbox 323 1337 452 1395; x_wconf 86' lang='lat' dir='ltr'>humano</span> <span class='ocrx_word' id='word_1_89' title='bbox 474 1337 596 1396; x_wconf 91' lang='lat' dir='ltr'>consilio</span> <span class='ocrx_word' id='word_1_90' title='bbox 623 1339 735 1397; x_wconf 90' lang='lat' dir='ltr'>efficere</span> <span class='ocrx_word' id='word_1_91' title='bbox 762 1338 853 1415; x_wconf 92' lang='lat' dir='ltr'>potui,</span> <span class='ocrx_word' id='word_1_92' title='bbox 881 1337 1098 1415; x_wconf 88' lang='lat' dir='ltr'>circumspectis</span> 
     </span>
     <span class='ocr_line' id='line_1_13' title="bbox 154 1435 1100 1513; baseline -0.001 -17"><span class='ocrx_word' id='word_1_93' title='bbox 154 1439 240 1496; x_wconf 91' lang='lat' dir='ltr'>rebus</span> <span class='ocrx_word' id='word_1_94' title='bbox 254 1436 327 1494; x_wconf 91' lang='lat' dir='ltr'>meis</span> <span class='ocrx_word' id='word_1_95' title='bbox 341 1435 478 1510; x_wconf 86' lang='lat' dir='ltr'>omnibus</span> <span class='ocrx_word' id='word_1_96' title='bbox 493 1436 710 1513; x_wconf 88' lang='lat' dir='ltr'>rationibusque</span> <span class='ocrx_word' id='word_1_97' title='bbox 721 1436 871 1495; x_wconf 91' lang='lat' dir='ltr'>subductis</span> <span class='ocrx_word' id='word_1_98' title='bbox 882 1453 1029 1495; x_wconf 91' lang='lat' dir='ltr'>summam</span> <span class='ocrx_word' id='word_1_99' title='bbox 1043 1436 1100 1496; x_wconf 88' lang='lat' dir='ltr'>feci</span> 
     </span>
     <span class='ocr_line' id='line_1_14' title="bbox 156 1533 1099 1612; baseline -0.003 -17"><span class='ocrx_word' id='word_1_100' title='bbox 156 1535 365 1612; x_wconf 81' lang='lat' dir='ltr'>cogitationum</span> <span class='ocrx_word' id='word_1_101' title='bbox 378 1550 510 1591; x_wconf 88' lang='lat' dir='ltr'>mearum</span> <span class='ocrx_word' id='word_1_102' title='bbox 524 1533 665 1605; x_wconf 92' lang='lat' dir='ltr'>omnium,</span> <span class='ocrx_word' id='word_1_103' title='bbox 675 1551 763 1610; x_wconf 88' lang='lat' dir='ltr'>quam</span> <span class='ocrx_word' id='word_1_104' title='bbox 777 1534 837 1605; x_wconf 92' lang='lat' dir='ltr'>tibi,</span> <span class='ocrx_word' id='word_1_105' title='bbox 847 1534 871 1592; x_wconf 93' lang='lat' dir='ltr'>si</span> <span class='ocrx_word' id='word_1_106' title='bbox 885 1544 996 1610; x_wconf 91' lang='lat' dir='ltr'>potero,</span> <span class='ocrx_word' id='word_1_107' title='bbox 1005 1535 1099 1593; x_wconf 89' lang='lat' dir='ltr'>brevi·</span> 
     </span>
     <span class='ocr_line' id='line_1_15' title="bbox 155 1627 1100 1709; baseline 0 -17"><span class='ocrx_word' id='word_1_108' title='bbox 155 1644 198 1692; x_wconf 92' lang='lat' dir='ltr'>ter</span> <span class='ocrx_word' id='word_1_109' title='bbox 211 1648 367 1707; x_wconf 88' lang='lat' dir='ltr'>exponam.</span> <span class='ocrx_word' id='word_1_110' title='bbox 412 1649 457 1689; x_wconf 91' lang='lat'>11.</span> <span class='ocrx_word' id='word_1_111' title='bbox 477 1627 553 1705; x_wconf 85' lang='lat' dir='ltr'>Ego,</span> <span class='ocrx_word' id='word_1_112' title='bbox 568 1631 593 1689; x_wconf 93' lang='lat' dir='ltr'>si</span> <span class='ocrx_word' id='word_1_113' title='bbox 607 1633 645 1689; x_wconf 92' lang='lat' dir='ltr'>ab</span> <span class='ocrx_word' id='word_1_114' title='bbox 657 1631 798 1709; x_wconf 90' lang='lat' dir='ltr'>improbis</span> <span class='ocrx_word' id='word_1_115' title='bbox 812 1641 842 1689; x_wconf 90' lang='lat' dir='ltr'>et</span> <span class='ocrx_word' id='word_1_116' title='bbox 859 1631 977 1707; x_wconf 88' lang='lat' dir='ltr'>perditis</span> <span class='ocrx_word' id='word_1_117' title='bbox 989 1633 1100 1692; x_wconf 91' lang='lat' dir='ltr'>civibus</span> 
     </span>
     <span class='ocr_line' id='line_1_16' title="bbox 156 1728 1101 1807; baseline -0.001 -16"><span class='ocrx_word' id='word_1_118' title='bbox 156 1749 218 1791; x_wconf 91' lang='lat' dir='ltr'>rem</span> <span class='ocrx_word' id='word_1_119' title='bbox 238 1729 384 1807; x_wconf 84' lang='lat' dir='ltr'>publicam</span> <span class='ocrx_word' id='word_1_120' title='bbox 405 1728 495 1786; x_wconf 89' lang='lat' dir='ltr'>teneri</span> <span class='ocrx_word' id='word_1_121' title='bbox 517 1728 653 1800; x_wconf 88' lang='lat' dir='ltr'>viderem,</span> <span class='ocrx_word' id='word_1_122' title='bbox 675 1731 748 1788; x_wconf 90' lang='lat' dir='ltr'>sicut</span> <span class='ocrx_word' id='word_1_123' title='bbox 771 1739 800 1788; x_wconf 90' lang='lat' dir='ltr'>et</span> <span class='ocrx_word' id='word_1_124' title='bbox 821 1731 895 1789; x_wconf 90' lang='lat' dir='ltr'>meis</span> <span class='ocrx_word' id='word_1_125' title='bbox 918 1731 1101 1806; x_wconf 88' lang='lat' dir='ltr'>temporibus</span> 
     </span>
     <span class='ocr_line' id='line_1_17' title="bbox 157 1826 1100 1904; baseline 0.001 -18"><span class='ocrx_word' id='word_1_126' title='bbox 157 1829 265 1886; x_wconf 91' lang='lat' dir='ltr'>scimus</span> <span class='ocrx_word' id='word_1_127' title='bbox 284 1836 313 1885; x_wconf 93' lang='lat' dir='ltr'>et</span> <span class='ocrx_word' id='word_1_128' title='bbox 332 1843 394 1885; x_wconf 91' lang='lat' dir='ltr'>non</span> <span class='ocrx_word' id='word_1_129' title='bbox 415 1826 499 1886; x_wconf 91' lang='lat' dir='ltr'>nullis</span> <span class='ocrx_word' id='word_1_130' title='bbox 521 1827 583 1886; x_wconf 89' lang='lat' dir='ltr'>aliis</span> <span class='ocrx_word' id='word_1_131' title='bbox 600 1827 746 1899; x_wconf 90' lang='lat' dir='ltr'>accidisse,</span> <span class='ocrx_word' id='word_1_132' title='bbox 761 1845 822 1886; x_wconf 91' lang='lat' dir='ltr'>non</span> <span class='ocrx_word' id='word_1_133' title='bbox 842 1828 933 1886; x_wconf 91' lang='lat' dir='ltr'>modo</span> <span class='ocrx_word' id='word_1_134' title='bbox 954 1828 1100 1904; x_wconf 88' lang='lat' dir='ltr'>praemiis,</span> 
     </span>
     <span class='ocr_line' id='line_1_18' title="bbox 157 1924 1102 2003; baseline 0.002 -20"><span class='ocrx_word' id='word_1_135' title='bbox 157 1944 232 2002; x_wconf 88' lang='lat' dir='ltr'>quae</span> <span class='ocrx_word' id='word_1_136' title='bbox 249 1925 327 2003; x_wconf 92' lang='lat' dir='ltr'>apud</span> <span class='ocrx_word' id='word_1_137' title='bbox 346 1943 394 1984; x_wconf 90' lang='lat' dir='ltr'>me</span> <span class='ocrx_word' id='word_1_138' title='bbox 415 1924 567 1983; x_wconf 90' lang='lat' dir='ltr'>minimum</span> <span class='ocrx_word' id='word_1_139' title='bbox 585 1925 689 1996; x_wconf 90' lang='lat' dir='ltr'>valent,</span> <span class='ocrx_word' id='word_1_140' title='bbox 705 1925 757 1983; x_wconf 91' lang='lat' dir='ltr'>sed</span> <span class='ocrx_word' id='word_1_141' title='bbox 778 1943 815 1984; x_wconf 87' lang='lat' dir='ltr'>ne</span> <span class='ocrx_word' id='word_1_142' title='bbox 831 1926 964 2003; x_wconf 88' lang='lat' dir='ltr'>periculis</span> <span class='ocrx_word' id='word_1_143' title='bbox 981 1927 1102 2003; x_wconf 91' lang='lat' dir='ltr'>quidem</span> 
     </span>
     <span class='ocr_line' id='line_1_19' title="bbox 158 2023 1102 2111; baseline -0.001 -27"><span class='ocrx_word' id='word_1_144' title='bbox 158 2023 325 2102; x_wconf 88' lang='lat' dir='ltr'>compulsus</span> <span class='ocrx_word' id='word_1_145' title='bbox 345 2023 418 2094; x_wconf 88' lang='lat' dir='ltr'>ullis,</span> <span class='ocrx_word' id='word_1_146' title='bbox 433 2023 539 2100; x_wconf 90' lang='lat' dir='ltr'>quibus</span> <span class='ocrx_word' id='word_1_147' title='bbox 560 2032 659 2111; x_wconf 81' lang='lat' dir='ltr'>tamen</span> <span class='ocrx_word' id='word_1_148' title='bbox 676 2033 831 2081; x_wconf 88' lang='lat' dir='ltr'>moventur</span> <span class='ocrx_word' id='word_1_149' title='bbox 848 2025 935 2082; x_wconf 90' lang='lat' dir='ltr'>etiam</span> <span class='ocrx_word' id='word_1_150' title='bbox 953 2024 1102 2084; x_wconf 84' lang='lat' dir='ltr'>fortissimi</span> 
     </span>
     <span class='ocr_line' id='line_1_20' title="bbox 157 2121 1103 2197; baseline 0.002 -17"><span class='ocrx_word' id='word_1_151' title='bbox 157 2124 217 2194; x_wconf 90' lang='lat' dir='ltr'>viri,</span> <span class='ocrx_word' id='word_1_152' title='bbox 243 2122 281 2182; x_wconf 91' lang='lat' dir='ltr'>ad</span> <span class='ocrx_word' id='word_1_153' title='bbox 308 2139 410 2180; x_wconf 91' lang='lat' dir='ltr'>eorum</span> <span class='ocrx_word' id='word_1_154' title='bbox 434 2139 552 2179; x_wconf 91' lang='lat' dir='ltr'>causam</span> <span class='ocrx_word' id='word_1_155' title='bbox 578 2139 627 2179; x_wconf 91' lang='lat' dir='ltr'>me</span> <span class='ocrx_word' id='word_1_156' title='bbox 655 2121 851 2197; x_wconf 87' lang='lat' dir='ltr'>adiungerem,</span> <span class='ocrx_word' id='word_1_157' title='bbox 876 2141 914 2181; x_wconf 92' lang='lat' dir='ltr'>ne</span> <span class='ocrx_word' id='word_1_158' title='bbox 938 2123 962 2181; x_wconf 92' lang='lat' dir='ltr'>si</span> <span class='ocrx_word' id='word_1_159' title='bbox 987 2141 1103 2182; x_wconf 90' lang='lat' dir='ltr'>summa</span> 
     </span>
     <span class='ocr_line' id='line_1_21' title="bbox 159 2218 1104 2296; baseline 0.001 -17"><span class='ocrx_word' id='word_1_160' title='bbox 159 2221 277 2296; x_wconf 92' lang='lat' dir='ltr'>quidem</span> <span class='ocrx_word' id='word_1_161' title='bbox 292 2237 393 2278; x_wconf 88' lang='lat' dir='ltr'>eorum</span> <span class='ocrx_word' id='word_1_162' title='bbox 411 2218 441 2275; x_wconf 92' lang='lat' dir='ltr'>in</span> <span class='ocrx_word' id='word_1_163' title='bbox 462 2236 509 2276; x_wconf 91' lang='lat' dir='ltr'>me</span> <span class='ocrx_word' id='word_1_164' title='bbox 530 2219 632 2277; x_wconf 87' lang='lat' dir='ltr'>merita</span> <span class='ocrx_word' id='word_1_165' title='bbox 651 2229 824 2278; x_wconf 83' lang='lat' dir='ltr'>constarent</span> <span class='ocrx_word' id='word_1_166' title='bbox 866 2219 942 2279; x_wconf 90' lang='lat' dir='ltr'>Cum</span> <span class='ocrx_word' id='word_1_167' title='bbox 956 2231 1054 2280; x_wconf 89' lang='lat' dir='ltr'>autem</span> <span class='ocrx_word' id='word_1_168' title='bbox 1073 2223 1104 2280; x_wconf 91' lang='lat' dir='ltr'>in</span> 
     </span>
     <span class='ocr_line' id='line_1_22' title="bbox 159 2315 1104 2396; baseline 0.001 -20"><span class='ocrx_word' id='word_1_169' title='bbox 159 2338 189 2376; x_wconf 91' lang='lat' dir='ltr'>re</span> <span class='ocrx_word' id='word_1_170' title='bbox 211 2318 326 2394; x_wconf 91' lang='lat' dir='ltr'>publica</span> <span class='ocrx_word' id='word_1_171' title='bbox 346 2315 401 2374; x_wconf 89' lang='lat' dir='ltr'>Cn.</span> <span class='ocrx_word' id='word_1_172' title='bbox 417 2315 574 2392; x_wconf 92' lang='lat' dir='ltr'>Pompeius</span> <span class='ocrx_word' id='word_1_173' title='bbox 594 2317 730 2393; x_wconf 91' lang='lat' dir='ltr'>princeps</span> <span class='ocrx_word' id='word_1_174' title='bbox 748 2328 832 2389; x_wconf 88' lang='lat' dir='ltr'>esset,</span> <span class='ocrx_word' id='word_1_175' title='bbox 847 2319 889 2376; x_wconf 92' lang='lat' dir='ltr'>vir</span> <span class='ocrx_word' id='word_1_176' title='bbox 909 2320 941 2390; x_wconf 92' lang='lat' dir='ltr'>is,</span> <span class='ocrx_word' id='word_1_177' title='bbox 953 2320 1007 2396; x_wconf 76' lang='lat' dir='ltr'>,qui</span> <span class='ocrx_word' id='word_1_178' title='bbox 1029 2321 1104 2378; x_wconf 90' lang='lat' dir='ltr'>hanc</span> 
     </span>
     <span class='ocr_line' id='line_1_23' title="bbox 160 2414 1105 2493; baseline 0.003 -19"><span class='ocrx_word' id='word_1_179' title='bbox 160 2417 320 2493; x_wconf 89' lang='lat' dir='ltr'>potentiam</span> <span class='ocrx_word' id='word_1_180' title='bbox 345 2425 374 2473; x_wconf 89' lang='lat' dir='ltr'>et</span> <span class='ocrx_word' id='word_1_181' title='bbox 397 2414 519 2490; x_wconf 87' lang='lat' dir='ltr'>gloriam</span> <span class='ocrx_word' id='word_1_182' title='bbox 540 2415 675 2473; x_wconf 87' lang='lat' dir='ltr'>maximis</span> <span class='ocrx_word' id='word_1_183' title='bbox 695 2415 726 2473; x_wconf 91' lang='lat' dir='ltr'>in</span> <span class='ocrx_word' id='word_1_184' title='bbox 747 2434 808 2474; x_wconf 91' lang='lat' dir='ltr'>rem</span> <span class='ocrx_word' id='word_1_185' title='bbox 829 2417 975 2492; x_wconf 88' lang='lat' dir='ltr'>publicam</span> <span class='ocrx_word' id='word_1_186' title='bbox 995 2419 1105 2478; x_wconf 89' lang='lat' dir='ltr'>meritis</span> 
     </span>
     <span class='ocr_line' id='line_1_24' title="bbox 160 2512 1106 2592; baseline 0.004 -20"><span class='ocrx_word' id='word_1_187' title='bbox 160 2512 470 2591; x_wconf 89' lang='lat' dir='ltr'>praestantissimisque</span> <span class='ocrx_word' id='word_1_188' title='bbox 484 2513 570 2571; x_wconf 92' lang='lat' dir='ltr'>rebus</span> <span class='ocrx_word' id='word_1_189' title='bbox 583 2513 673 2588; x_wconf 84' lang='lat' dir='ltr'>gestis</span> <span class='ocrx_word' id='word_1_190' title='bbox 687 2523 764 2572; x_wconf 88' lang='lat' dir='ltr'>esset</span> <span class='ocrx_word' id='word_1_191' title='bbox 778 2525 950 2574; x_wconf 85' lang='lat' dir='ltr'>consecutus</span> <span class='ocrx_word' id='word_1_192' title='bbox 965 2517 1106 2592; x_wconf 87' lang='lat' dir='ltr'>cuiusque</span> 
     </span>
     <span class='ocr_line' id='line_1_25' title="bbox 161 2610 1106 2688; baseline 0.001 -17"><span class='ocrx_word' id='word_1_193' title='bbox 161 2629 218 2688; x_wconf 84' lang='lat' dir='ltr'>ego</span> <span class='ocrx_word' id='word_1_194' title='bbox 224 2611 371 2687; x_wconf 83' lang='lat' dir='ltr'>dignitatis</span> <span class='ocrx_word' id='word_1_195' title='bbox 380 2610 418 2668; x_wconf 89' lang='lat' dir='ltr'>ab</span> <span class='ocrx_word' id='word_1_196' title='bbox 429 2610 624 2669; x_wconf 89' lang='lat' dir='ltr'>adulescentia</span> <span class='ocrx_word' id='word_1_197' title='bbox 634 2610 736 2682; x_wconf 81' lang='lat' dir='ltr'>fautor,</span> <span class='ocrx_word' id='word_1_198' title='bbox 745 2610 776 2668; x_wconf 93' lang='lat' dir='ltr'>in</span> <span class='ocrx_word' id='word_1_199' title='bbox 786 2623 920 2687; x_wconf 90' lang='lat' dir='ltr'>praetura</span> <span class='ocrx_word' id='word_1_200' title='bbox 928 2623 1025 2672; x_wconf 92' lang='lat' dir='ltr'>autem</span> <span class='ocrx_word' id='word_1_201' title='bbox 1037 2616 1106 2673; x_wconf 89' lang='lat' dir='ltr'>etin</span> 
     </span>
     <span class='ocr_line' id='line_1_26' title="bbox 161 2708 1107 2785; baseline 0.001 -18"><span class='ocrx_word' id='word_1_202' title='bbox 161 2709 313 2768; x_wconf 90' lang='lat' dir='ltr'>consulatu</span> <span class='ocrx_word' id='word_1_203' title='bbox 327 2708 440 2767; x_wconf 92' lang='lat' dir='ltr'>adiutor</span> <span class='ocrx_word' id='word_1_204' title='bbox 453 2708 538 2767; x_wconf 89' lang='lat' dir='ltr'>etiam</span> <span class='ocrx_word' id='word_1_205' title='bbox 554 2709 737 2780; x_wconf 84' lang='lat' dir='ltr'>exstitissem,</span> <span class='ocrx_word' id='word_1_206' title='bbox 752 2727 878 2785; x_wconf 91' lang='lat' dir='ltr'>cumque</span> <span class='ocrx_word' id='word_1_207' title='bbox 889 2709 967 2769; x_wconf 88' lang='lat' dir='ltr'>idem</span> <span class='ocrx_word' id='word_1_208' title='bbox 982 2712 1107 2769; x_wconf 91' lang='lat' dir='ltr'>auctori·</span> 
     </span>
     <span class='ocr_line' id='line_1_27' title="bbox 161 2807 1107 2883; baseline 0 -16"><span class='ocrx_word' id='word_1_209' title='bbox 161 2819 219 2867; x_wconf 92' lang='lat' dir='ltr'>tate</span> <span class='ocrx_word' id='word_1_210' title='bbox 228 2817 257 2866; x_wconf 94' lang='lat' dir='ltr'>et</span> <span class='ocrx_word' id='word_1_211' title='bbox 267 2808 409 2866; x_wconf 88' lang='lat' dir='ltr'>sententia</span> <span class='ocrx_word' id='word_1_212' title='bbox 419 2825 471 2883; x_wconf 90' lang='lat' dir='ltr'>per</span> <span class='ocrx_word' id='word_1_213' title='bbox 480 2825 519 2878; x_wconf 93' lang='lat' dir='ltr'>se,</span> <span class='ocrx_word' id='word_1_214' title='bbox 530 2807 656 2866; x_wconf 90' lang='lat' dir='ltr'>consiliis</span> <span class='ocrx_word' id='word_1_215' title='bbox 665 2817 693 2864; x_wconf 93' lang='lat' dir='ltr'>et</span> <span class='ocrx_word' id='word_1_216' title='bbox 704 2807 804 2865; x_wconf 90' lang='lat' dir='ltr'>studiis</span> <span class='ocrx_word' id='word_1_217' title='bbox 814 2818 918 2878; x_wconf 87' lang='lat' dir='ltr'>tecum,</span> <span class='ocrx_word' id='word_1_218' title='bbox 928 2825 975 2866; x_wconf 90' lang='lat' dir='ltr'>me</span> <span class='ocrx_word' id='word_1_219' title='bbox 985 2808 1107 2867; x_wconf 89' lang='lat' dir='ltr'>adiuvis-</span> 
     </span>
     <span class='ocr_line' id='line_1_28' title="bbox 163 2905 1107 2980; baseline -0.001 -15"><span class='ocrx_word' id='word_1_220' title='bbox 163 2916 207 2965; x_wconf 88' lang='lat' dir='ltr'>set</span> <span class='ocrx_word' id='word_1_221' title='bbox 217 2923 374 2980; x_wconf 91' lang='lat' dir='ltr'>meumque</span> <span class='ocrx_word' id='word_1_222' title='bbox 388 2905 537 2962; x_wconf 89' lang='lat' dir='ltr'>inimicum</span> <span class='ocrx_word' id='word_1_223' title='bbox 552 2922 643 2962; x_wconf 92' lang='lat' dir='ltr'>unum</span> <span class='ocrx_word' id='word_1_224' title='bbox 658 2905 687 2961; x_wconf 90' lang='lat' dir='ltr'>in</span> <span class='ocrx_word' id='word_1_225' title='bbox 698 2905 809 2963; x_wconf 88' lang='lat' dir='ltr'>civitate</span> <span class='ocrx_word' id='word_1_226' title='bbox 820 2905 938 2963; x_wconf 90' lang='lat' dir='ltr'>haberet</span> <span class='ocrx_word' id='word_1_227' title='bbox 948 2905 1107 2977; x_wconf 91' lang='lat' dir='ltr'>inimicum,</span> 
     </span>
     <span class='ocr_line' id='line_1_29' title="bbox 163 3002 1108 3081; baseline -0.001 -18"><span class='ocrx_word' id='word_1_228' title='bbox 163 3023 224 3063; x_wconf 91' lang='lat' dir='ltr'>non</span> <span class='ocrx_word' id='word_1_229' title='bbox 239 3003 336 3081; x_wconf 90' lang='lat' dir='ltr'>putavi</span> <span class='ocrx_word' id='word_1_230' title='bbox 355 3003 464 3061; x_wconf 88' lang='lat' dir='ltr'>famam</span> <span class='ocrx_word' id='word_1_231' title='bbox 484 3003 693 3061; x_wconf 88' lang='lat' dir='ltr'>inconstantiae</span> <span class='ocrx_word' id='word_1_232' title='bbox 714 3002 785 3060; x_wconf 88' lang='lat' dir='ltr'>mihi</span> <span class='ocrx_word' id='word_1_233' title='bbox 799 3003 1069 3078; x_wconf 85' lang='lat' dir='ltr'>pertimescendam,</span> <span class='ocrx_word' id='word_1_234' title='bbox 1084 3003 1108 3062; x_wconf 89' lang='lat' dir='ltr'>si</span> 
     </span>
     <span class='ocr_line' id='line_1_30' title="bbox 164 3100 1109 3181; baseline -0.002 -20"><span class='ocrx_word' id='word_1_235' title='bbox 164 3102 339 3181; x_wconf 87' lang='lat' dir='ltr'>quibusdam</span> <span class='ocrx_word' id='word_1_236' title='bbox 358 3102 388 3159; x_wconf 93' lang='lat' dir='ltr'>in</span> <span class='ocrx_word' id='word_1_237' title='bbox 408 3101 555 3159; x_wconf 89' lang='lat' dir='ltr'>sententiis</span> <span class='ocrx_word' id='word_1_238' title='bbox 576 3100 696 3177; x_wconf 92' lang='lat' dir='ltr'>paulum</span> <span class='ocrx_word' id='word_1_239' title='bbox 716 3119 764 3159; x_wconf 89' lang='lat' dir='ltr'>me</span> <span class='ocrx_word' id='word_1_240' title='bbox 784 3101 983 3158; x_wconf 90' lang='lat' dir='ltr'>immutassem</span> <span class='ocrx_word' id='word_1_241' title='bbox 997 3119 1109 3159; x_wconf 91' lang='lat' dir='ltr'>meam·</span> 
     </span>
     <span class='ocr_line' id='line_1_31' title="bbox 164 3198 1110 3276; baseline 0 -18"><span class='ocrx_word' id='word_1_242' title='bbox 164 3219 222 3276; x_wconf 93' lang='lat' dir='ltr'>que</span> <span class='ocrx_word' id='word_1_243' title='bbox 242 3199 420 3257; x_wconf 89' lang='lat' dir='ltr'>voluntatem</span> <span class='ocrx_word' id='word_1_244' title='bbox 440 3199 478 3256; x_wconf 89' lang='lat' dir='ltr'>ad</span> <span class='ocrx_word' id='word_1_245' title='bbox 500 3199 606 3256; x_wconf 91' lang='lat' dir='ltr'>summi</span> <span class='ocrx_word' id='word_1_246' title='bbox 626 3198 677 3255; x_wconf 88' lang='lat' dir='ltr'>viri</span> <span class='ocrx_word' id='word_1_247' title='bbox 699 3198 736 3256; x_wconf 90' lang='lat' dir='ltr'>de</span> <span class='ocrx_word' id='word_1_248' title='bbox 756 3216 862 3274; x_wconf 90' lang='lat' dir='ltr'>meque</span> <span class='ocrx_word' id='word_1_249' title='bbox 883 3200 993 3274; x_wconf 91' lang='lat' dir='ltr'>optime</span> <span class='ocrx_word' id='word_1_250' title='bbox 1015 3200 1110 3258; x_wconf 85' lang='lat' dir='ltr'>meriti</span> 
     </span>
     <span class='ocr_line' id='line_1_32' title="bbox 165 3295 1110 3375; baseline -0.001 -18"><span class='ocrx_word' id='word_1_251' title='bbox 165 3299 335 3375; x_wconf 85' lang='lat' dir='ltr'>dignitatem</span> <span class='ocrx_word' id='word_1_252' title='bbox 349 3296 562 3372; x_wconf 86' lang='lat' dir='ltr'>adgregassem.</span> <span class='ocrx_word' id='word_1_253' title='bbox 609 3314 653 3354; x_wconf 87' lang='lat'>12.</span> <span class='ocrx_word' id='word_1_254' title='bbox 676 3295 713 3354; x_wconf 93' lang='lat' dir='ltr'>In</span> <span class='ocrx_word' id='word_1_255' title='bbox 732 3295 787 3354; x_wconf 92' lang='lat' dir='ltr'>hac</span> <span class='ocrx_word' id='word_1_256' title='bbox 807 3297 949 3354; x_wconf 86' lang='lat' dir='ltr'>sententia</span> <span class='ocrx_word' id='word_1_257' title='bbox 963 3297 1110 3373; x_wconf 89' lang='lat' dir='ltr'>complec-</span> 
     </span>
     <span class='ocr_line' id='line_1_33' title="bbox 166 3393 1111 3466; baseline -0.001 -11"><span class='ocrx_word' id='word_1_258' title='bbox 166 3397 271 3455; x_wconf 88' lang='lat' dir='ltr'>tendus</span> <span class='ocrx_word' id='word_1_259' title='bbox 291 3404 351 3454; x_wconf 87' lang='lat' dir='ltr'>erat</span> <span class='ocrx_word' id='word_1_260' title='bbox 372 3393 441 3452; x_wconf 93' lang='lat' dir='ltr'>mihi</span> <span class='ocrx_word' id='word_1_261' title='bbox 459 3393 576 3466; x_wconf 89' lang='lat' dir='ltr'>Caesar,</span> <span class='ocrx_word' id='word_1_262' title='bbox 590 3404 622 3453; x_wconf 91' lang='lat' dir='ltr'>ut</span> <span class='ocrx_word' id='word_1_263' title='bbox 640 3393 729 3466; x_wconf 88' lang='lat' dir='ltr'>vides,</span> <span class='ocrx_word' id='word_1_264' title='bbox 744 3394 775 3452; x_wconf 91' lang='lat' dir='ltr'>in</span> <span class='ocrx_word' id='word_1_265' title='bbox 797 3393 952 3452; x_wconf 88' lang='lat' dir='ltr'>coniuncta</span> <span class='ocrx_word' id='word_1_266' title='bbox 973 3404 1002 3454; x_wconf 91' lang='lat' dir='ltr'>et</span> <span class='ocrx_word' id='word_1_267' title='bbox 1023 3412 1111 3454; x_wconf 88' lang='lat' dir='ltr'>causa</span> 
     </span>
    </p>
   </div>
   <div class='ocr_carea' id='block_1_3' title="bbox 0 0 1202 3810">
    <p class='ocr_par' dir='ltr' id='par_1_3' title="bbox 0 0 1202 3810">
     <span class='ocr_line' id='line_1_34' title="bbox 0 0 1202 3810; baseline 0 0"><span class='ocrx_word' id='word_1_268' title='bbox 0 0 1202 3810; x_wconf 95' lang='lat' dir='ltr'> </span> 
     </span>
    </p>
   </div>
  </div>
 </body>
</html>
