2356 3810
114 184 244 268 up.113.]
308 197 422 248 amar.
445 196 494 245 Ao
515 196 737 245 FAMILIARES
755 197 803 244 xr.
828 195 877 263 27.
995 197 1053 263 231

114 357 181 404 ante
196 347 304 405 bellum
319 347 407 417 civile,
419 365 487 405 curn
501 346 608 406 Caesar
622 356 698 406 esset
711 347 742 403 in
753 345 863 404 Gallia:
885 341 965 420 quod
979 342 1058 400 euim

114 445 299 501 vehementer
331 444 401 502 mihi
428 444 496 502 utile
531 463 594 502 esse
622 446 744 520 putabas
779 462 834 518 nec
868 441 967 499 inutile
1002 437 1057 514 ipsi

115 542 243 612 Caesari,
258 541 411 617 perfecisti,
427 554 458 599 ut
475 543 520 600 ille
541 561 589 601 me
608 543 746 617 diligeret,
762 542 877 612 coleret,
891 539 1009 597 haberet
1028 538 1057 592 in

116 642 183 698 suis.
228 639 322 698 Multa
345 649 502 715 praetere0,
525 658 600 714 quae
622 640 801 716 temporibus
825 639 879 696 illis
903 638 977 694 inter
1000 652 1057 692 nos

116 739 337 796 familiarissime
359 738 443 808 dicta,
458 738 570 814 scripta,
586 738 800 795 communicata
821 745 905 807 sunt;
927 730 1059 808 graviora

117 837 197 893 enim
218 845 376 893 consecuta
397 845 472 895 sunt.
515 855 541 911 3.
562 835 670 894 Etenim
691 836 772 893 initio
793 835 860 892 belli
880 834 969 892 civilis
989 849 1058 890 cum

117 932 305 991 Brundisium
326 951 424 990 versus
447 934 503 991 ires
526 933 564 991 ad
588 933 754 1003 Caesarem,
771 932 873 989 venisti
897 930 1004 989 adme
1027 930 1058 986 in

117 1030 315 1088 Formianum.
357 1029 486 1087 Primum
500 1031 557 1088 hoc
572 1031 668 1106 ipsum
683 1031 790 1107 quanti,
803 1028 971 1105 praesertim
985 1037 1059 1085 tem·

118 1129 239 1205 poribus
266 1128 337 1186 illis!
379 1128 495 1186 Deinde
519 1129 641 1186 oblitum
665 1147 713 1186 me
741 1138 825 1203 putas
854 1126 975 1194 consilii,
1000 1143 1059 1183 ser-

118 1227 224 1296 monis,
239 1225 424 1284 humanitatis
443 1228 528 1284 tuae?
550 1228 655 1302 quibus
673 1227 760 1284 rebus
780 1227 919 1284 interesse
940 1221 1059 1281 memini

118 1325 298 1383 Trebatium.
340 1323 405 1383 Nec
429 1343 497 1383 vero
526 1343 592 1382 sum
619 1325 723 1382 oblitus
750 1324 906 1382 litterarum
934 1333 1058 1391 tuarum,

118 1442 192 1499 quas
207 1423 245 1480 ad
258 1441 305 1481 me
319 1423 429 1493 misisti,
445 1441 513 1480 cum
528 1421 645 1481 Caesari
659 1423 775 1480 obviam
789 1421 918 1479 venisses
934 1419 964 1476 in
978 1435 1059 1494 agro,
1137 1441 1144 1449 ·

119 1533 152 1580 ut
179 1522 308 1592 arbitror,
333 1521 510 1580 Trebulano.
553 1540 579 1593 4.
603 1521 740 1579 Secutum
768 1520 837 1578 illud
863 1529 979 1595 tempus
1007 1527 1059 1587 est,

120 1639 188 1678 cum
202 1639 250 1678 me
269 1620 307 1678 ad
321 1618 494 1694 Pompeium
513 1620 657 1696 proficisci
675 1621 734 1678 sive
750 1620 845 1696 pudor
863 1637 946 1677 meus
965 1618 1061 1692 coe'git

120 1720 179 1777 sive
194 1718 319 1775 officium
335 1718 393 1775 slve
407 1716 540 1776 fortuna:
562 1718 643 1794 quod
656 1718 783 1776 officium
800 1729 891 1788 tuum,
906 1717 987 1792 quod
1001 1725 1060 1773 stu-

121 1817 202 1874 dium
216 1816 260 1873 vel
274 1817 304 1872 in
325 1817 476 1874 absentem
496 1833 544 1874 me
558 1817 602 1873 vel
619 1817 649 1872 in
663 1825 829 1891 praesentes
849 1833 932 1872 meos
951 1813 1060 1898 deluit?

121 1932 209 1990 quem
224 1931 311 1989 porro
325 1931 429 1972 omnes
445 1914 503 1971 mei
518 1924 546 1971 et
564 1913 635 1970 mihi
649 1923 677 1970 et
691 1913 744 1971 sibi
758 1923 787 1972 te
805 1913 973 1970 amiciorem
987 1911 1060 1968 iudi-

121 2012 276 2069 caverunt?
318 2010 395 2068 Veni
416 2010 617 2068 Brundisium:
639 2011 798 2069 oblitumne
820 2028 868 2068 me
889 2020 983 2086 putas,
1003 2027 1061 2084 qua

121 2109 275 2179 celeritate,
289 2118 320 2166 ut
334 2109 460 2183 primum
479 2109 611 2179 audieris,
627 2109 665 2166 ad
684 2126 732 2166 me
746 2107 877 2166 Tarento
899 2107 1061 2166 advolaris?

121 2225 197 2282 quae
222 2216 271 2264 tua
295 2205 379 2263 fuerit
403 2206 541 2274 adsessio,
563 2205 663 2276 orati0,
685 2205 865 2263 confirmatio
892 2205 981 2263 animi
1004 2205 1062 2262 mei

121 2304 203 2363 fracti
231 2304 431 2362 communium
457 2303 636 2361 miseriarum
660 2305 760 2362 metu?
803 2317 830 2376 5.
852 2303 988 2361 Tandem
1012 2301 1062 2358 ali-

122 2403 240 2478 quando
256 2401 369 2459 Rornae
384 2419 448 2459 esse
463 2401 630 2477 coepimus:
651 2401 722 2477 quid
740 2401 830 2460 defuit
848 2410 964 2459 nostrae
979 2401 1062 2458 fami·
1126 2424 1128 2428 ·

122 2501 255 2558 liaritati?
297 2498 332 2556 In
353 2499 486 2556 maximis
500 2500 587 2556 rebus
608 2517 738 2575 quonam
758 2500 848 2558 modo
863 2517 993 2575 gererem
1014 2516 1062 2556 me

123 2599 259 2657 adversus
283 2596 438 2656 Caesarem
466 2615 535 2655 usus
563 2606 614 2654 tuo
642 2595 763 2655 consilio
791 2615 865 2667 sum,
889 2597 920 2654 in
946 2596 1063 2673 reliquis

122 2697 235 2754 officio:
256 2695 303 2753 cui
324 2704 356 2752 tu
380 2694 501 2752 tribuisti
524 2704 647 2769 excepto
671 2694 796 2753 Caesare
817 2703 932 2770 praeter
953 2712 1009 2764 me,
1030 2704 1064 2752 ut

122 2793 244 2852 domum
257 2793 411 2850 ventitares
419 2775 569 2867 ¹horasque
588 2792 692 2850 multas
712 2811 799 2868 saepe
817 2793 986 2852 suavissimo
1003 2810 1063 2850 ser-

121 2911 210 2952 mone
225 2891 433 2950 consumeres?
454 2901 524 2960 tum,
537 2908 604 2947 cum
619 2892 713 2961 etiam,
727 2891 751 2948 si
765 2891 930 2962 meministi,
944 2900 976 2949 ut
990 2891 1062 2948 haec

122 2988 339 3063 φιλοσοφούμενα
360 2989 522 3058 scriberem,
536 2997 568 3045 tu
588 3006 636 3045 me
652 2989 799 3063 impulisti.
841 2989 912 3047 Post
931 2988 1064 3047 Caesaris

121 3089 253 3157 reditum,
269 3086 339 3161 quid
357 3086 408 3144 tibi
429 3087 532 3144 maiori
551 3105 637 3143 curae
657 3087 717 3156 suit,
732 3105 821 3162 quam
839 3097 871 3144 ut
889 3104 983 3145 essem
1005 3104 1062 3162 ego

122 3186 161 3242 illi
184 3203 272 3261 quam
294 3183 551 3242 familiarissimus?
573 3185 653 3260 quod
678 3185 823 3243 effeceras.
867 3185 894 3242 6.
917 3183 1062 3256 Quorsum

122 3283 208 3357 igitur
231 3282 303 3338 haee
325 3281 418 3338 oratio
443 3280 565 3356 longior,
587 3299 675 3355 quam
701 3283 854 3356 putaram?
896 3280 974 3352 Quia
998 3299 1063 3338 sum
1113 3285 1117 3293 ‘

122 3380 279 3438 admiratus
302 3387 339 3450 te,
361 3378 411 3454 qui
435 3377 506 3436 haec
531 3395 618 3436 nosse
644 3379 772 3449 deberes,
793 3379 949 3454 quicquam
973 3395 992 3436 a
1014 3397 1062 3437 me
