2348 3788
117 206 178 275 154
384 200 425 251 M.
449 188 570 249 Tmrrr
590 197 776 270 crcrnorvra
916 182 997 267 [rm
1010 195 1054 244 111.

115 358 258 434 relinquit,
280 355 318 415 ad
341 364 490 432 posterum
517 353 626 412 bellum
652 353 781 408 ἄσπονδον
808 349 877 408 strui
904 348 1053 408 existimo!

116 458 211 515 Huius
226 457 311 530 igitur
324 453 391 511 belli
410 470 468 528 ego
487 452 630 527 particeps
650 459 678 508 et
697 449 793 508 socius
812 458 841 506 et
859 448 972 506 adiutor
992 465 1054 506 esse

115 572 215 630 cogor,
230 550 310 628 quod
325 559 353 608 et
367 551 498 605 ἄσπονδον
517 557 561 606 est
579 541 689 604 etcum
710 546 828 604 civibus
869 540 985 602 Deinde
1005 564 1054 603 vu.

116 653 187 710 Idus
206 650 299 719 Febr,
313 665 381 706 cum
401 647 459 704 iam
480 645 560 720 plura
580 644 692 703 audires
714 643 750 701 de
771 643 903 718 Pompeii
924 644 1055 712 consili0,

117 747 266 808 concludis
290 745 442 821 epistolam
463 744 609 819 quandam
633 742 691 800 hoc
714 742 822 799 modo:
843 745 916 817 ‘ego
938 742 1055 817 quidem

115 848 166 905 tibi
189 863 251 903 non
275 844 330 902 sim
354 851 464 912 auctor,
488 842 512 898 si
540 840 696 915 Pompeius
724 839 838 897 Italiam
865 839 1007 916 relinquit,
1029 846 1063 897 te'

116 960 234 1020 quoque
251 941 405 1018 profugere
416 960 425 1011 ;
447 956 562 998 summo
583 938 662 995 enim
682 937 810 1012 periculo
831 937 920 994 facies
940 955 996 994 nec
1017 939 1056 994 rei

116 1040 248 1117 publicae
267 1038 405 1114 proderis
421 1037 466 1095 cui
480 1035 598 1111 quidem
616 1034 760 1110 posterius
779 1034 886 1109 poteris
907 1035 1055 1110 prodesse,

118 1139 142 1196 si
155 1136 313 1194 manseris!
355 1135 454 1207 Quem
470 1138 625 1206 φιλόπατριν
641 1150 676 1190 ac
694 1135 825 1188 πολιτικὸν
843 1132 969 1191 hominis
991 1152 1056 1210 pru-

119 1235 213 1293 dentis
228 1243 256 1292 et
271 1232 355 1292 amici
369 1232 417 1289 tali
432 1231 581 1288 admonitu
595 1247 656 1287 non
670 1238 798 1286 moveret
811 1230 987 1287 auctoritas?
1030 1232 1055 1288 6.

120 1332 268 1405 Deinceps
284 1347 325 1388 111.
340 1329 410 1386 Idus
425 1327 508 1385 Febr.
520 1328 622 1384 iterum
636 1325 706 1382 mihi
720 1327 881 1400 respondes
895 1328 1057 1386 consulenti

120 1430 180 1487 sic:
203 1426 302 1502 ‘quod
326 1425 438 1501 quaeris
459 1443 477 1483 a
500 1442 548 1482 me
572 1424 709 1498 fugamne
730 1427 749 1492 †
770 1423 859 1482 fidam
883 1443 922 1482 an
945 1443 1057 1483 moram

121 1525 250 1584 desidem
265 1524 405 1581 utiliorem
419 1530 528 1596 putem,
542 1538 599 1596 ego
613 1539 681 1578 vero
700 1522 731 1578 in
748 1523 910 1596 praesentia
931 1524 1058 1582 subitum

122 1623 282 1680 discessum
297 1631 325 1678 et
340 1620 528 1695 praecipitem
542 1619 751 1694 profectionem
766 1637 833 1677 cum
848 1621 908 1686 tibi,
924 1629 985 1678 tum
1004 1621 1059 1696 ipsi

122 1719 225 1779 Gnaeo
241 1718 370 1776 inutilem
389 1727 417 1774 et
435 1717 628 1792 periculosam
646 1728 726 1792 puto,
740 1727 769 1775 et
789 1719 878 1776 satius
899 1736 963 1776 esse
984 1721 1059 1778 exis·

122 1819 193 1876 timo
221 1834 274 1874 vos
302 1816 466 1892 dispertitos
494 1824 523 1872 et
550 1815 581 1871 in
609 1815 734 1889 speculis
761 1832 842 1886 esse;
871 1817 923 1875 sed
947 1819 1060 1877 medius

123 1915 207 1973 fidius
222 1923 305 1989 turpe
319 1913 404 1974 nobis
418 1921 490 1987 puto
504 1929 568 1970 esse
583 1911 619 1970 de
633 1911 702 1986 fuga
717 1912 860 1987 cogitare!
895 1913 964 1972 Hoc
978 1925 1061 1991 turpe

124 2011 243 2070 Gnaeus
257 2020 355 2068 noster
369 2010 486 2067 biennio
500 2020 566 2066 aute
580 2009 715 2082 cogitavit
723 2029 731 2080 ;
747 2011 785 2066 ita
800 2011 938 2069 sullaturit
948 2014 1062 2071 animus

124 2111 185 2167 eius
200 2119 229 2166 et
242 2108 439 2184 proscripturit
452 2108 510 2164 iam
525 2107 582 2164 diu.
624 2106 706 2176 Inde,
721 2115 753 2164 ut
771 2109 883 2183 opinor,
898 2128 964 2168 curn
979 2120 1011 2168 tu
1025 2113 1063 2169 ad

123 2226 171 2265 me
183 2207 326 2283 quaedam
338 2208 502 2279 γενικώτερον
512 2204 674 2279 scripsisses
689 2213 718 2262 et
732 2222 788 2279 ego
804 2205 873 2262 mihi
887 2225 905 2264 a
917 2216 946 2265 te
961 2203 1062 2288 [quae-

125 2300 205 2384 dam]
228 2304 382 2379 significari
409 2312 566 2377 putassem,
587 2312 619 2359 ut
643 2301 725 2359 Italia
749 2303 890 2370 cederem,
913 2305 1063 2364 detestaris

123 2401 180 2458 hoc
196 2401 345 2476 diligenter
359 2419 396 2459 xr.
409 2399 447 2457 K.
460 2399 560 2458 Mart:
576 2404 649 2474 ‘ego
663 2417 732 2457 vero
746 2400 824 2457 nulla
838 2402 960 2476 epistola
975 2405 1063 2479 signi·

123 2498 214 2568 ficavi,
230 2499 254 2556 si
273 2498 392 2558 Gnaeus
411 2498 494 2556 Italia
514 2497 636 2567 cederet,
651 2506 682 2554 ut
700 2506 731 2554 tu
748 2515 807 2568 una
825 2500 951 2571 cedereS,
967 2513 1024 2571 aut,
1039 2503 1069 2558 si

124 2592 290 2670 significavi,
315 2613 376 2652 non
404 2594 470 2652 dico
499 2594 539 2652 fui
567 2595 744 2658 inconstans,
767 2594 819 2652 sed
846 2596 984 2655 demens?
1028 2597 1064 2655 ln

125 2692 228 2750 eadem
243 2692 365 2768 epistola
383 2691 439 2749 alio
458 2691 544 2750 loco:
560 2691 645 2748 ‘nihil
664 2691 832 2766 relinquitur
850 2694 905 2751 nisi
925 2695 1001 2768 fuga,
1018 2697 1064 2753 cui

125 2800 152 2846 te
176 2791 288 2846 socium
313 2789 480 2864 neutiquam
502 2798 574 2864 puto
598 2805 662 2846 esse
687 2799 819 2863 oportere
844 2808 899 2848 nec
923 2809 1064 2866 umquam

125 2886 238 2962 putavi!
281 2898 308 2961 7.
330 2887 438 2945 Totam
466 2897 562 2945 autem
589 2886 664 2944 hanc
693 2886 928 2945 deliberationem
956 2889 1064 2946 evolvis

126 2984 285 3042 accuratius
299 2985 329 3041 in
342 2985 441 3042 litteris
455 3003 514 3043 vrrr.
530 2983 596 3041 Kal.
612 2983 697 3041 Mart.
710 2983 799 3041 datis:
815 2985 856 3041 ‘si
872 2984 923 3043 Μ’.
935 2985 1066 3060 Lepidus

126 3093 154 3142 et
181 3082 215 3140 L.
237 3081 388 3140 Volcatius
415 3091 573 3150 remanent,
601 3083 779 3139 manendum
806 3092 886 3156 puto,
911 3085 949 3141 ita
976 3092 1016 3152 ut,
1040 3085 1065 3141 si

126 3181 220 3238 salvus
242 3180 278 3238 sit
302 3180 459 3255 Pompeius
485 3189 513 3236 et
540 3180 698 3239 constiterit
726 3179 837 3250 alicubi,
862 3181 938 3239 hanc
956 3186 1065 3251 ινεννιίιν

126 3279 271 3355 relinquas
285 3287 313 3336 et
326 3287 354 3336 te
368 3279 399 3335 in
413 3277 569 3335 certamine
583 3277 657 3335 vinci
672 3296 738 3335 cum
752 3278 800 3335 illo
820 3278 928 3336 facilius
948 3281 1065 3353 patiaris

127 3394 216 3452 quam
237 3395 303 3435 cum
327 3375 383 3435 hoc
407 3377 443 3434 in¹
462 3395 505 3447 ea,
527 3393 601 3440 quae
636 3377 796 3433 vrstricitur
820 3376 922 3448 fvtura,
943 3379 1064 3435 colluvie
