2356 3810
182 192 225 303 go
269 192 306 227 ’Μ
366 189 385 223 a
469 249 507 301 M.
533 240 652 299 ronan
673 249 859 300 orcanoms
1008 237 1079 320 [raa
1093 251 1125 300 11.

183 411 253 489 Quo
272 409 390 488 quidem
410 418 550 486 tempore,
564 419 597 468 ut
615 409 769 487 perscripsi
788 408 826 466 ad
843 418 872 466 te
890 415 984 478 antea,
999 407 1127 484 cognovi

184 509 375 567 Hortensium
402 508 592 584 percupidum
622 508 672 579 tui,
703 506 866 565 studiosum
897 505 1062 576 Lucullum,
1090 523 1126 564 ex

183 606 398 683 magistratibus
432 616 528 664 autem
562 605 596 663 L.
632 604 776 664 Racilium
810 614 838 662 et
872 604 929 662 fide
961 612 990 661 et
1024 603 1124 661 animo

184 704 330 782 singulari.
373 702 452 762 Nam
465 713 565 762 nostra
579 703 771 779 propugnatio
786 718 820 761 ac
835 701 965 760 defensio
979 701 1126 776 dignitatis

183 815 251 862 tuae
264 810 382 878 propter
395 800 625 877 magnitudinem
643 799 776 859 beneficii
791 799 831 857 tui
845 799 968 857 fortasse
982 799 1126 875 plerisque

185 901 272 959 officii
296 900 437 958 maiorem
456 899 654 957 auctoritatem
674 897 781 956 habere
800 897 930 956 videatur
950 915 1040 974 quam
1061 914 1127 956 sen·

184 999 298 1057 tentiae.
350 1016 376 1072 3.
398 997 551 1055 Praeterea
578 996 697 1074 quidem
724 997 761 1054 de
789 995 989 1055 consularibus
1016 995 1127 1053 nemini

185 1114 306 1172 possum
319 1105 369 1153 aut
385 1094 470 1154 studii
485 1114 554 1172 erga
568 1104 597 1154 te
614 1105 663 1153 aut
681 1094 768 1153 officii
787 1103 837 1151 aut
852 1093 938 1152 amici
956 1093 1046 1152 animi
1062 1111 1127 1152 esse

185 1195 288 1253 testis:
315 1193 423 1252 etenim
442 1193 625 1270 Pompeium,
646 1193 697 1270 qui
723 1209 840 1251 mecum
868 1191 1037 1266 saepissime
1065 1208 1127 1248 non

185 1294 280 1353 solum
301 1312 320 1351 a
341 1310 389 1350 me
416 1301 597 1369 provocatus,
625 1292 678 1350 sed
705 1292 793 1350 etiam
820 1309 873 1349 sua
900 1301 1005 1367 sponte
1034 1289 1071 1348 de
1099 1299 1128 1347 te

186 1390 402 1450 communicare
430 1389 510 1461 solet,
533 1391 589 1449 scis
616 1390 796 1465 temporibus
823 1388 876 1448 illis
902 1407 964 1446 non
989 1406 1076 1464 saepe
1097 1389 1127 1445 in

186 1499 289 1548 senatu
317 1487 422 1559 fuisse;
452 1489 498 1546 cui
525 1489 642 1565 quidem
670 1489 779 1546 litterae
799 1497 877 1560 tuae,
901 1506 974 1564 quas
993 1487 1127 1563 proxime

185 1588 314 1657 miseras,
342 1585 423 1661 quod
449 1585 533 1644 facile
560 1585 756 1656 intellexerim,
781 1584 976 1662 periucundae
1003 1584 1127 1644 fuerunt.

187 1683 261 1741 Mihi
281 1683 399 1760 quidem
419 1682 582 1743 humanitas
601 1694 651 1743 tua
668 1685 714 1743 vel
734 1701 848 1743 summa
868 1684 965 1760 potius
986 1685 1129 1762 sapientia

187 1800 249 1840 non
277 1781 403 1840 iucunda
435 1781 538 1853 solum,
570 1783 622 1840 sed
652 1783 739 1841 etiam
771 1782 944 1840 admirabilis
975 1783 1038 1840 visa
1066 1793 1128 1842 est:

186 1880 279 1938 virum
300 1880 379 1938 enim
402 1879 591 1938 excellentem
619 1889 648 1938 et
675 1880 725 1938 tibi
753 1888 804 1938 tua
831 1881 988 1956 praestanti
1008 1881 1040 1938 in
1061 1900 1129 1940 eum

187 1977 353 2036 liberalitate
373 1978 547 2048 devinctum,
562 1995 624 2036 non
642 1978 713 2036 nihil
732 1978 928 2054 suspicantem
941 1988 1062 2054 propter
1082 1980 1130 2038 ali-

189 2094 314 2153 quorum
328 2076 499 2152 opinionem
518 2095 587 2135 suae
603 2076 766 2152 cupiditatis
781 2087 808 2135 te
822 2077 860 2135 ab
879 2094 910 2135 se
925 2076 1130 2149 abalienatum,

188 2175 236 2233 illa
256 2174 378 2251 epistola
397 2175 553 2248 retinuisti3
582 2176 631 2253 qui
652 2176 722 2234 mihi
741 2193 808 2234 cum
830 2193 946 2250 semper
964 2185 1032 2234 tuae
1052 2176 1132 2235 laudi

189 2273 283 2332 favere
315 2274 393 2332 visus
427 2283 479 2346 est,
507 2275 594 2332 etiam
628 2275 693 2350 ipso
728 2273 963 2349 suspitiosissimo
998 2284 1131 2352 tempore

190 2370 362 2441 Caniniano,
374 2381 436 2430 tum
446 2389 515 2430 vero
529 2372 610 2430 lectis
624 2373 680 2430 tuis
695 2371 793 2430 litteris
808 2383 977 2448 perspectus
991 2382 1037 2431 est
1051 2391 1070 2431 a
1083 2392 1132 2432 me

189 2478 252 2528 toto
277 2469 376 2527 animo
399 2469 435 2527 de
458 2479 486 2527 te
511 2487 545 2527 ac
569 2470 606 2527 de
630 2471 687 2528 tuis
709 2469 888 2528 ornamentis
912 2479 941 2528 et
965 2475 1132 2533 commodis

189 2567 327 2642 cogitare.
378 2584 404 2639 4.
429 2565 497 2638 Qua
517 2586 547 2625 re
568 2586 610 2638 ea,
632 2586 706 2643 quae
727 2568 861 2640 scribam,
883 2568 925 2627 sic
945 2567 1064 2642 habeto,
1084 2590 1132 2630 me

190 2683 258 2724 cum
276 2665 325 2723 illo
343 2683 374 2724 re
395 2683 482 2742 saepe
503 2667 716 2724 communicata
737 2665 773 2724 de
792 2665 865 2724 illius
883 2667 920 2726 ad
941 2676 970 2726 te
989 2671 1134 2728 sententia

190 2773 278 2838 atque
302 2762 469 2821 auctoritate
493 2764 634 2822 scribere:
662 2764 800 2842 quoniam
825 2775 941 2823 senatus
966 2769 1133 2828 consultum

191 2861 302 2919 nullum
336 2870 437 2932 exstat,
463 2879 522 2937 quo
554 2862 684 2921 reductio
718 2862 794 2938 regis
829 2858 1044 2946 [Alexandrini]
1081 2868 1133 2927 tibi

192 2959 330 3033 adempta
344 2959 389 3029 sit,
403 2976 505 3035 eaque,
520 2977 596 3036 quae
611 2960 647 3018 de
661 2979 696 3018 ea
715 2963 822 3036 scripta
840 2972 892 3034 est,
908 2965 1072 3036 auctoritas,
1087 2967 1134 3026 cui

192 3057 248 3114 scis
263 3056 452 3114 intercessum
466 3075 539 3128 esse,
550 3067 582 3115 ut
595 3076 632 3115 ne
646 3059 711 3135 quis
726 3061 847 3118 omnino
861 3079 961 3136 regem
974 3063 1134 3137 reduceret,

191 3164 302 3214 tantam
322 3153 381 3210 vim
401 3153 496 3225 habet,
510 3166 542 3213 ut
563 3157 657 3232 magis
677 3158 815 3216 iratorum
833 3158 986 3217 hominum
1005 3163 1136 3222 studium

193 3271 282 3328 quam
301 3251 460 3311 constantis
481 3263 599 3312 senatus
620 3255 772 3313 consilium
791 3275 854 3314 esse
869 3257 1006 3330 videatur,
1022 3269 1050 3318 te
1070 3281 1136 3338 per·

194 3353 304 3426 spicere
339 3369 434 3428 posse,
463 3353 513 3428 qui
541 3352 671 3412 Ciliciam
705 3354 893 3434 Cyprumque
927 3369 1036 3431 teneas,
1065 3365 1137 3440 quid

194 3450 315 3519 efficere,
341 3460 370 3511 et
397 3450 468 3528 quid
496 3455 636 3530 consequi
661 3456 763 3532 possis,
789 3466 826 3528 et,
848 3456 872 3516 si
898 3476 946 3518 res
969 3457 1135 3521 facultatem
