<?xml version="1.0" encoding="UTF-8"?>
<!DOCTYPE html PUBLIC "-//W3C//DTD XHTML 1.0 Transitional//EN"
    "http://www.w3.org/TR/xhtml1/DTD/xhtml1-transitional.dtd">
<html xmlns="http://www.w3.org/1999/xhtml" xml:lang="en" lang="en">
 <head>
  <title>
</title>
<meta http-equiv="Content-Type" content="text/html;charset=utf-8" />
  <meta name='ocr-system' content='tesseract 3.04.00' />
  <meta name='ocr-capabilities' content='ocr_page ocr_carea ocr_par ocr_line ocrx_word'/>
</head>
<body>
  <div class='ocr_page' id='page_1' title='image "./epistolaeselect01cicegoog_0276.png"; bbox 0 0 2348 3788; ppageno 0'>
   <div class='ocr_carea' id='block_1_1' title="bbox 181 215 1119 296">
    <p class='ocr_par' dir='ltr' id='par_1_1' title="bbox 181 215 1119 296">
     <span class='ocr_line' id='line_1_1' title="bbox 181 215 1119 296; baseline -0.005 -19"><span class='ocrx_word' id='word_1_1' title='bbox 181 215 243 278; x_wconf 85' lang='lat'>260</span> <span class='ocrx_word' id='word_1_2' title='bbox 458 225 498 277; x_wconf 82' lang='lat' dir='ltr'>M.</span> <span class='ocrx_word' id='word_1_3' title='bbox 524 225 643 274; x_wconf 78' lang='lat' dir='ltr'>rurnrr</span> <span class='ocrx_word' id='word_1_4' title='bbox 664 225 854 275; x_wconf 73' lang='lat' dir='ltr'>nicanorus</span> <span class='ocrx_word' id='word_1_5' title='bbox 906 238 907 242; x_wconf 37' lang='lat'>¹</span> <span class='ocrx_word' id='word_1_6' title='bbox 1003 215 1081 296; x_wconf 71' lang='lat' dir='ltr'>[aas</span> <span class='ocrx_word' id='word_1_7' title='bbox 1094 226 1119 273; x_wconf 87' lang='lat' dir='ltr'>v.</span> 
     </span>
    </p>
   </div>
   <div class='ocr_carea' id='block_1_2' title="bbox 133 375 1129 2508">
    <p class='ocr_par' dir='ltr' id='par_1_2' title="bbox 133 375 1129 2508">
     <span class='ocr_line' id='line_1_2' title="bbox 181 375 1120 456; baseline -0.006 -18"><span class='ocrx_word' id='word_1_8' title='bbox 181 379 330 456; x_wconf 87' lang='lat' dir='ltr'>explorate</span> <span class='ocrx_word' id='word_1_9' title='bbox 349 376 475 436; x_wconf 86' lang='lat' dir='ltr'>iudicare</span> <span class='ocrx_word' id='word_1_10' title='bbox 494 377 645 435; x_wconf 89' lang='lat' dir='ltr'>volumus:</span> <span class='ocrx_word' id='word_1_11' title='bbox 668 377 798 452; x_wconf 82' lang='lat' dir='ltr'>legiones</span> <span class='ocrx_word' id='word_1_12' title='bbox 814 375 913 435; x_wconf 88' lang='lat' dir='ltr'>babeo</span> <span class='ocrx_word' id='word_1_13' title='bbox 928 375 1059 452; x_wconf 89' lang='lat' dir='ltr'>quinque</span> <span class='ocrx_word' id='word_1_14' title='bbox 1075 377 1120 433; x_wconf 89' lang='lat' dir='ltr'>snb</span> 
     </span>
     <span class='ocr_line' id='line_1_3' title="bbox 146 461 1120 552; baseline -0.005 -17"><span class='ocrx_word' id='word_1_15' title='bbox 146 461 150 472; x_wconf 65' lang='grc'><em>’</em></span> <span class='ocrx_word' id='word_1_16' title='bbox 180 478 271 552; x_wconf 84' lang='lat' dir='ltr'>signis</span> <span class='ocrx_word' id='word_1_17' title='bbox 286 486 314 534; x_wconf 94' lang='lat' dir='ltr'>et</span> <span class='ocrx_word' id='word_1_18' title='bbox 337 494 389 533; x_wconf 87' lang='lat' dir='ltr'>sua</span> <span class='ocrx_word' id='word_1_19' title='bbox 408 474 465 532; x_wconf 88' lang='lat' dir='ltr'>fide</span> <span class='ocrx_word' id='word_1_20' title='bbox 484 475 645 551; x_wconf 80' lang='lat' dir='ltr'>virtuteque</span> <span class='ocrx_word' id='word_1_21' title='bbox 666 475 707 532; x_wconf 90' lang='lat' dir='ltr'>rei</span> <span class='ocrx_word' id='word_1_22' title='bbox 726 475 858 551; x_wconf 89' lang='lat' dir='ltr'>publicae</span> <span class='ocrx_word' id='word_1_23' title='bbox 873 475 1120 532; x_wconf 89' lang='lat' dir='ltr'>coniunctissimas</span> 
     </span>
     <span class='ocr_line' id='line_1_4' title="bbox 181 571 1121 647; baseline -0.003 -16"><span class='ocrx_word' id='word_1_24' title='bbox 181 584 210 631; x_wconf 90' lang='lat' dir='ltr'>et</span> <span class='ocrx_word' id='word_1_25' title='bbox 231 583 329 631; x_wconf 90' lang='lat' dir='ltr'>nostra</span> <span class='ocrx_word' id='word_1_26' title='bbox 350 571 517 629; x_wconf 83' lang='lat' dir='ltr'>liberalitate</span> <span class='ocrx_word' id='word_1_27' title='bbox 537 572 622 630; x_wconf 90' lang='lat' dir='ltr'>nobis</span> <span class='ocrx_word' id='word_1_28' title='bbox 644 572 847 645; x_wconf 88' lang='lat' dir='ltr'>obsequentes,</span> <span class='ocrx_word' id='word_1_29' title='bbox 862 571 1045 647; x_wconf 89' lang='lat' dir='ltr'>provinciam</span> <span class='ocrx_word' id='word_1_30' title='bbox 1065 589 1121 628; x_wconf 89' lang='lat' dir='ltr'>om·</span> 
     </span>
     <span class='ocr_line' id='line_1_5' title="bbox 181 669 1121 744; baseline -0.001 -18"><span class='ocrx_word' id='word_1_31' title='bbox 181 670 261 726; x_wconf 91' lang='lat' dir='ltr'>nium</span> <span class='ocrx_word' id='word_1_32' title='bbox 284 670 438 727; x_wconf 88' lang='lat' dir='ltr'>civitatium</span> <span class='ocrx_word' id='word_1_33' title='bbox 460 687 607 728; x_wconf 90' lang='lat' dir='ltr'>consensu</span> <span class='ocrx_word' id='word_1_34' title='bbox 627 669 842 744; x_wconf 83' lang='lat' dir='ltr'>paratissimam</span> <span class='ocrx_word' id='word_1_35' title='bbox 865 677 895 725; x_wconf 88' lang='lat' dir='ltr'>et</span> <span class='ocrx_word' id='word_1_36' title='bbox 918 686 1038 727; x_wconf 89' lang='lat' dir='ltr'>summa</span> <span class='ocrx_word' id='word_1_37' title='bbox 1058 687 1121 726; x_wconf 93' lang='lat' dir='ltr'>con·</span> 
     </span>
     <span class='ocr_line' id='line_1_6' title="bbox 181 765 1121 843; baseline 0.001 -20"><span class='ocrx_word' id='word_1_38' title='bbox 181 768 309 824; x_wconf 90' lang='lat' dir='ltr'>tentione</span> <span class='ocrx_word' id='word_1_39' title='bbox 338 766 376 824; x_wconf 92' lang='lat' dir='ltr'>ad</span> <span class='ocrx_word' id='word_1_40' title='bbox 404 765 499 824; x_wconf 87' lang='lat' dir='ltr'>officia</span> <span class='ocrx_word' id='word_1_41' title='bbox 527 776 694 837; x_wconf 87' lang='lat' dir='ltr'>certantem,</span> <span class='ocrx_word' id='word_1_42' title='bbox 724 767 867 842; x_wconf 82' lang='lat' dir='ltr'>equitatus</span> <span class='ocrx_word' id='word_1_43' title='bbox 895 767 1121 843; x_wconf 83' lang='lat' dir='ltr'>auxiliorumque</span> 
     </span>
     <span class='ocr_line' id='line_1_7' title="bbox 139 863 1122 941; baseline 0 -20"><span class='ocrx_word' id='word_1_44' title='bbox 139 929 144 938; x_wconf 50' lang='grc'>,</span> <span class='ocrx_word' id='word_1_45' title='bbox 182 874 276 923; x_wconf 89' lang='lat' dir='ltr'>tantas</span> <span class='ocrx_word' id='word_1_46' title='bbox 290 866 399 941; x_wconf 88' lang='lat' dir='ltr'>copias,</span> <span class='ocrx_word' id='word_1_47' title='bbox 415 874 539 940; x_wconf 90' lang='lat' dir='ltr'>quantas</span> <span class='ocrx_word' id='word_1_48' title='bbox 557 864 613 923; x_wconf 86' lang='lat' dir='ltr'>hae</span> <span class='ocrx_word' id='word_1_49' title='bbox 631 874 733 939; x_wconf 82' lang='lat' dir='ltr'>gentes</span> <span class='ocrx_word' id='word_1_50' title='bbox 752 864 789 922; x_wconf 89' lang='lat' dir='ltr'>ad</span> <span class='ocrx_word' id='word_1_51' title='bbox 807 863 1025 924; x_wconf 86' lang='lat' dir='ltr'>defendendam</span> <span class='ocrx_word' id='word_1_52' title='bbox 1047 883 1122 924; x_wconf 91' lang='lat' dir='ltr'>suam</span> 
     </span>
     <span class='ocr_line' id='line_1_8' title="bbox 182 962 1121 1039; baseline 0 -19"><span class='ocrx_word' id='word_1_53' title='bbox 182 962 303 1020; x_wconf 89' lang='lat' dir='ltr'>salutem</span> <span class='ocrx_word' id='word_1_54' title='bbox 333 962 551 1038; x_wconf 86' lang='lat' dir='ltr'>libertatemque</span> <span class='ocrx_word' id='word_1_55' title='bbox 573 962 715 1021; x_wconf 87' lang='lat' dir='ltr'>conficere</span> <span class='ocrx_word' id='word_1_56' title='bbox 743 972 885 1038; x_wconf 89' lang='lat' dir='ltr'>possunt;</span> <span class='ocrx_word' id='word_1_57' title='bbox 916 962 980 1039; x_wconf 89' lang='lat' dir='ltr'>ipse</span> <span class='ocrx_word' id='word_1_58' title='bbox 1003 963 1044 1022; x_wconf 90' lang='lat' dir='ltr'>ita</span> <span class='ocrx_word' id='word_1_59' title='bbox 1064 981 1121 1022; x_wconf 89' lang='lat' dir='ltr'>sum</span> 
     </span>
     <span class='ocr_line' id='line_1_9' title="bbox 182 1059 1122 1137; baseline 0.004 -21"><span class='ocrx_word' id='word_1_60' title='bbox 182 1059 281 1117; x_wconf 89' lang='lat' dir='ltr'>a&#39;nimo</span> <span class='ocrx_word' id='word_1_61' title='bbox 303 1070 428 1136; x_wconf 90' lang='lat' dir='ltr'>paratus,</span> <span class='ocrx_word' id='word_1_62' title='bbox 449 1066 482 1117; x_wconf 83' lang='lat' dir='ltr'>ut</span> <span class='ocrx_word' id='word_1_63' title='bbox 499 1060 544 1117; x_wconf 90' lang='lat' dir='ltr'>vel</span> <span class='ocrx_word' id='word_1_64' title='bbox 567 1061 745 1136; x_wconf 86' lang='lat' dir='ltr'>provinciam</span> <span class='ocrx_word' id='word_1_65' title='bbox 766 1060 838 1118; x_wconf 91' lang='lat' dir='ltr'>tueri</span> <span class='ocrx_word' id='word_1_66' title='bbox 858 1059 903 1118; x_wconf 84' lang='lat' dir='ltr'>vel</span> <span class='ocrx_word' id='word_1_67' title='bbox 928 1061 978 1131; x_wconf 88' lang='lat' dir='ltr'>ire,</span> <span class='ocrx_word' id='word_1_68' title='bbox 1002 1080 1063 1137; x_wconf 92' lang='lat' dir='ltr'>quo</span> <span class='ocrx_word' id='word_1_69' title='bbox 1082 1081 1122 1120; x_wconf 90' lang='lat' dir='ltr'>res</span> 
     </span>
     <span class='ocr_line' id='line_1_10' title="bbox 182 1157 1122 1235; baseline 0.004 -22"><span class='ocrx_word' id='word_1_70' title='bbox 182 1157 297 1232; x_wconf 89' lang='lat' dir='ltr'>publica</span> <span class='ocrx_word' id='word_1_71' title='bbox 318 1168 411 1229; x_wconf 93' lang='lat' dir='ltr'>vocet,</span> <span class='ocrx_word' id='word_1_72' title='bbox 426 1157 471 1215; x_wconf 94' lang='lat' dir='ltr'>vel</span> <span class='ocrx_word' id='word_1_73' title='bbox 493 1158 604 1216; x_wconf 89' lang='lat' dir='ltr'>tradere</span> <span class='ocrx_word' id='word_1_74' title='bbox 625 1158 791 1228; x_wconf 88' lang='lat' dir='ltr'>exercitum,</span> <span class='ocrx_word' id='word_1_75' title='bbox 809 1158 915 1217; x_wconf 82' lang='lat' dir='ltr'>auxilia</span> <span class='ocrx_word' id='word_1_76' title='bbox 935 1161 1122 1235; x_wconf 88' lang='lat' dir='ltr'>provinciam·</span> 
     </span>
     <span class='ocr_line' id='line_1_11' title="bbox 183 1255 1123 1331; baseline 0.003 -20"><span class='ocrx_word' id='word_1_77' title='bbox 183 1273 240 1330; x_wconf 92' lang='lat' dir='ltr'>que</span> <span class='ocrx_word' id='word_1_78' title='bbox 268 1255 312 1312; x_wconf 91' lang='lat' dir='ltr'>vel</span> <span class='ocrx_word' id='word_1_79' title='bbox 340 1273 459 1313; x_wconf 90' lang='lat' dir='ltr'>omnem</span> <span class='ocrx_word' id='word_1_80' title='bbox 484 1256 626 1331; x_wconf 90' lang='lat' dir='ltr'>impetum</span> <span class='ocrx_word' id='word_1_81' title='bbox 649 1255 717 1312; x_wconf 91' lang='lat' dir='ltr'>belli</span> <span class='ocrx_word' id='word_1_82' title='bbox 745 1255 775 1314; x_wconf 88' lang='lat' dir='ltr'>in</span> <span class='ocrx_word' id='word_1_83' title='bbox 803 1274 851 1313; x_wconf 90' lang='lat' dir='ltr'>me</span> <span class='ocrx_word' id='word_1_84' title='bbox 875 1267 1045 1316; x_wconf 90' lang='lat' dir='ltr'>convertere</span> <span class='ocrx_word' id='word_1_85' title='bbox 1069 1277 1123 1317; x_wconf 90' lang='lat' dir='ltr'>non</span> 
     </span>
     <span class='ocr_line' id='line_1_12' title="bbox 184 1353 1123 1432; baseline 0.004 -20"><span class='ocrx_word' id='word_1_86' title='bbox 184 1373 324 1425; x_wconf 88' lang='lat' dir='ltr'>recusem,</span> <span class='ocrx_word' id='word_1_87' title='bbox 340 1355 364 1413; x_wconf 94' lang='lat' dir='ltr'>si</span> <span class='ocrx_word' id='word_1_88' title='bbox 380 1353 471 1412; x_wconf 92' lang='lat' dir='ltr'>modo</span> <span class='ocrx_word' id='word_1_89' title='bbox 490 1372 558 1412; x_wconf 92' lang='lat' dir='ltr'>meo</span> <span class='ocrx_word' id='word_1_90' title='bbox 581 1373 651 1413; x_wconf 91' lang='lat' dir='ltr'>casu</span> <span class='ocrx_word' id='word_1_91' title='bbox 669 1364 719 1412; x_wconf 91' lang='lat' dir='ltr'>aut</span> <span class='ocrx_word' id='word_1_92' title='bbox 737 1355 907 1414; x_wconf 75' lang='lat' dir='ltr'>confirmare</span> <span class='ocrx_word' id='word_1_93' title='bbox 922 1358 1038 1432; x_wconf 86' lang='lat' dir='ltr'>patriae</span> <span class='ocrx_word' id='word_1_94' title='bbox 1056 1357 1123 1416; x_wconf 90' lang='lat' dir='ltr'>salu·</span> 
     </span>
     <span class='ocr_line' id='line_1_13' title="bbox 184 1451 1123 1529; baseline 0.002 -19"><span class='ocrx_word' id='word_1_95' title='bbox 184 1465 244 1510; x_wconf 87' lang='lat' dir='ltr'>tem</span> <span class='ocrx_word' id='word_1_96' title='bbox 262 1462 311 1510; x_wconf 92' lang='lat' dir='ltr'>aut</span> <span class='ocrx_word' id='word_1_97' title='bbox 330 1451 488 1529; x_wconf 90' lang='lat' dir='ltr'>periculum</span> <span class='ocrx_word' id='word_1_98' title='bbox 509 1453 621 1527; x_wconf 89' lang='lat' dir='ltr'>possim</span> <span class='ocrx_word' id='word_1_99' title='bbox 641 1453 756 1510; x_wconf 90' lang='lat' dir='ltr'>morari.</span> <span class='ocrx_word' id='word_1_100' title='bbox 799 1465 825 1526; x_wconf 81' lang='lat'>7.</span> <span class='ocrx_word' id='word_1_101' title='bbox 848 1453 932 1512; x_wconf 91' lang='lat' dir='ltr'>Haec</span> <span class='ocrx_word' id='word_1_102' title='bbox 954 1455 978 1513; x_wconf 91' lang='lat' dir='ltr'>si</span> <span class='ocrx_word' id='word_1_103' title='bbox 1000 1457 1059 1514; x_wconf 91' lang='lat' dir='ltr'>iam</span> <span class='ocrx_word' id='word_1_104' title='bbox 1079 1474 1123 1514; x_wconf 84' lang='lat' dir='ltr'>ex·</span> 
     </span>
     <span class='ocr_line' id='line_1_14' title="bbox 185 1549 1125 1629; baseline 0.005 -23"><span class='ocrx_word' id='word_1_105' title='bbox 185 1549 288 1624; x_wconf 92' lang='lat' dir='ltr'>peditis</span> <span class='ocrx_word' id='word_1_106' title='bbox 310 1551 446 1607; x_wconf 89' lang='lat' dir='ltr'>omnibus</span> <span class='ocrx_word' id='word_1_107' title='bbox 467 1551 552 1607; x_wconf 91' lang='lat' dir='ltr'>rebus</span> <span class='ocrx_word' id='word_1_108' title='bbox 575 1549 787 1625; x_wconf 90' lang='lat' dir='ltr'>tranquilloque</span> <span class='ocrx_word' id='word_1_109' title='bbox 808 1561 884 1610; x_wconf 89' lang='lat' dir='ltr'>statu</span> <span class='ocrx_word' id='word_1_110' title='bbox 904 1552 1026 1613; x_wconf 89' lang='lat' dir='ltr'>civitatis</span> <span class='ocrx_word' id='word_1_111' title='bbox 1048 1553 1125 1629; x_wconf 89' lang='lat' dir='ltr'>polli-</span> 
     </span>
     <span class='ocr_line' id='line_1_15' title="bbox 186 1646 1125 1722; baseline 0.007 -20"><span class='ocrx_word' id='word_1_112' title='bbox 186 1663 261 1715; x_wconf 90' lang='lat' dir='ltr'>ceor,</span> <span class='ocrx_word' id='word_1_113' title='bbox 277 1647 307 1702; x_wconf 90' lang='lat' dir='ltr'>in</span> <span class='ocrx_word' id='word_1_114' title='bbox 321 1647 430 1704; x_wconf 91' lang='lat' dir='ltr'>damno</span> <span class='ocrx_word' id='word_1_115' title='bbox 444 1665 527 1705; x_wconf 84' lang='lat' dir='ltr'>meae</span> <span class='ocrx_word' id='word_1_116' title='bbox 544 1646 637 1705; x_wconf 91' lang='lat' dir='ltr'>laudis</span> <span class='ocrx_word' id='word_1_117' title='bbox 658 1647 699 1704; x_wconf 90' lang='lat' dir='ltr'>rei</span> <span class='ocrx_word' id='word_1_118' title='bbox 718 1647 850 1722; x_wconf 89' lang='lat' dir='ltr'>publicae</span> <span class='ocrx_word' id='word_1_119' title='bbox 869 1651 1030 1710; x_wconf 89' lang='lat' dir='ltr'>commodo</span> <span class='ocrx_word' id='word_1_120' title='bbox 1043 1651 1125 1711; x_wconf 88' lang='lat' dir='ltr'>laeta·</span> 
     </span>
     <span class='ocr_line' id='line_1_16' title="bbox 186 1743 1125 1820; baseline 0.009 -20"><span class='ocrx_word' id='word_1_121' title='bbox 186 1743 239 1800; x_wconf 91' lang='lat' dir='ltr'>bor</span> <span class='ocrx_word' id='word_1_122' title='bbox 246 1762 254 1813; x_wconf 93' lang='lat'>;</span> <span class='ocrx_word' id='word_1_123' title='bbox 281 1743 327 1801; x_wconf 90' lang='lat' dir='ltr'>sin</span> <span class='ocrx_word' id='word_1_124' title='bbox 351 1743 389 1801; x_wconf 89' lang='lat' dir='ltr'>ad</span> <span class='ocrx_word' id='word_1_125' title='bbox 417 1745 585 1802; x_wconf 92' lang='lat' dir='ltr'>societatem</span> <span class='ocrx_word' id='word_1_126' title='bbox 609 1744 860 1820; x_wconf 85' lang='lat' dir='ltr'>integerrimorum</span> <span class='ocrx_word' id='word_1_127' title='bbox 884 1755 913 1805; x_wconf 91' lang='lat' dir='ltr'>et</span> <span class='ocrx_word' id='word_1_128' title='bbox 934 1750 1125 1808; x_wconf 85' lang='lat' dir='ltr'>maximorum</span> 
     </span>
     <span class='ocr_line' id='line_1_17' title="bbox 186 1840 1125 1920; baseline 0.004 -21"><span class='ocrx_word' id='word_1_129' title='bbox 186 1840 380 1917; x_wconf 87' lang='lat' dir='ltr'>periculorum</span> <span class='ocrx_word' id='word_1_130' title='bbox 405 1841 552 1914; x_wconf 89' lang='lat' dir='ltr'>accedam,</span> <span class='ocrx_word' id='word_1_131' title='bbox 573 1843 694 1902; x_wconf 90' lang='lat' dir='ltr'>consilia</span> <span class='ocrx_word' id='word_1_132' title='bbox 715 1862 781 1902; x_wconf 90' lang='lat' dir='ltr'>mea</span> <span class='ocrx_word' id='word_1_133' title='bbox 802 1845 906 1920; x_wconf 90' lang='lat' dir='ltr'>aequis·</span> <span class='ocrx_word' id='word_1_134' title='bbox 926 1846 1073 1908; x_wconf 86' lang='lat' dir='ltr'>iudicibus</span> <span class='ocrx_word' id='word_1_135' title='bbox 1092 1847 1125 1906; x_wconf 90' lang='lat' dir='ltr'>ab</span> 
     </span>
     <span class='ocr_line' id='line_1_18' title="bbox 188 1936 1126 2004; baseline 0.007 -7"><span class='ocrx_word' id='word_1_136' title='bbox 188 1941 396 1998; x_wconf 86' lang='lat' dir='ltr'>obtrectatione</span> <span class='ocrx_word' id='word_1_137' title='bbox 424 1940 589 2000; x_wconf 90' lang='lat' dir='ltr'>invidorum</span> <span class='ocrx_word' id='word_1_138' title='bbox 617 1942 800 2000; x_wconf 83' lang='lat' dir='ltr'>defendenda</span> <span class='ocrx_word' id='word_1_139' title='bbox 827 1944 1014 2004; x_wconf 90' lang='lat' dir='ltr'>commendo.</span> <span class='ocrx_word' id='word_1_140' title='bbox 1056 1936 1126 2004; x_wconf 88' lang='lat' dir='ltr'>Mihi</span> 
     </span>
     <span class='ocr_line' id='line_1_19' title="bbox 188 2037 1127 2119; baseline 0.009 -26"><span class='ocrx_word' id='word_1_141' title='bbox 188 2037 307 2112; x_wconf 90' lang='lat' dir='ltr'>quidem</span> <span class='ocrx_word' id='word_1_142' title='bbox 328 2039 384 2114; x_wconf 89' lang='lat' dir='ltr'>ipsi</span> <span class='ocrx_word' id='word_1_143' title='bbox 408 2038 518 2098; x_wconf 86' lang='lat' dir='ltr'>fructus</span> <span class='ocrx_word' id='word_1_144' title='bbox 542 2041 711 2098; x_wconf 89' lang='lat' dir='ltr'>meritorum</span> <span class='ocrx_word' id='word_1_145' title='bbox 731 2059 864 2098; x_wconf 90' lang='lat' dir='ltr'>meorum</span> <span class='ocrx_word' id='word_1_146' title='bbox 885 2041 915 2099; x_wconf 91' lang='lat' dir='ltr'>in</span> <span class='ocrx_word' id='word_1_147' title='bbox 936 2043 977 2100; x_wconf 86' lang='lat' dir='ltr'>rei</span> <span class='ocrx_word' id='word_1_148' title='bbox 999 2044 1127 2119; x_wconf 89' lang='lat' dir='ltr'>publicae</span> 
     </span>
     <span class='ocr_line' id='line_1_20' title="bbox 133 2135 1127 2220; baseline 0.005 -24"><span class='ocrx_word' id='word_1_149' title='bbox 133 2193 134 2196; x_wconf 74' lang='grc'>,</span> <span class='ocrx_word' id='word_1_150' title='bbox 189 2135 385 2196; x_wconf 88' lang='lat' dir='ltr'>incolumitate</span> <span class='ocrx_word' id='word_1_151' title='bbox 413 2139 481 2196; x_wconf 92' lang='lat' dir='ltr'>satis</span> <span class='ocrx_word' id='word_1_152' title='bbox 509 2157 633 2215; x_wconf 83' lang='lat' dir='ltr'>magnus</span> <span class='ocrx_word' id='word_1_153' title='bbox 661 2149 705 2197; x_wconf 91' lang='lat' dir='ltr'>est</span> <span class='ocrx_word' id='word_1_154' title='bbox 732 2149 848 2216; x_wconf 87' lang='lat' dir='ltr'>paratus</span> <span class='ocrx_word' id='word_1_155' title='bbox 860 2158 869 2212; x_wconf 89' lang='lat'>;</span> <span class='ocrx_word' id='word_1_156' title='bbox 902 2158 957 2200; x_wconf 88' lang='lat' dir='ltr'>eos</span> <span class='ocrx_word' id='word_1_157' title='bbox 980 2159 1059 2213; x_wconf 89' lang='lat' dir='ltr'>vero,</span> <span class='ocrx_word' id='word_1_158' title='bbox 1083 2143 1127 2220; x_wconf 91' lang='lat' dir='ltr'>qui</span> 
     </span>
     <span class='ocr_line' id='line_1_21' title="bbox 188 2236 1128 2312; baseline 0.006 -22"><span class='ocrx_word' id='word_1_159' title='bbox 188 2251 285 2291; x_wconf 90' lang='lat' dir='ltr'>meam</span> <span class='ocrx_word' id='word_1_160' title='bbox 303 2236 503 2293; x_wconf 88' lang='lat' dir='ltr'>auctoritatem</span> <span class='ocrx_word' id='word_1_161' title='bbox 523 2246 552 2295; x_wconf 92' lang='lat' dir='ltr'>et</span> <span class='ocrx_word' id='word_1_162' title='bbox 574 2236 665 2294; x_wconf 91' lang='lat' dir='ltr'>multo</span> <span class='ocrx_word' id='word_1_163' title='bbox 685 2237 778 2312; x_wconf 86' lang='lat' dir='ltr'>magis</span> <span class='ocrx_word' id='word_1_164' title='bbox 797 2248 921 2296; x_wconf 89' lang='lat' dir='ltr'>vestram</span> <span class='ocrx_word' id='word_1_165' title='bbox 935 2237 1025 2297; x_wconf 89' lang='lat' dir='ltr'>fidem</span> <span class='ocrx_word' id='word_1_166' title='bbox 1037 2241 1128 2299; x_wconf 83' lang='lat' dir='ltr'>secuti</span> 
     </span>
     <span class='ocr_line' id='line_1_22' title="bbox 190 2331 1129 2411; baseline 0.006 -23"><span class='ocrx_word' id='word_1_167' title='bbox 190 2348 245 2389; x_wconf 89' lang='lat' dir='ltr'>nec</span> <span class='ocrx_word' id='word_1_168' title='bbox 265 2331 323 2388; x_wconf 91' lang='lat' dir='ltr'>ulla</span> <span class='ocrx_word' id='word_1_169' title='bbox 344 2351 395 2408; x_wconf 91' lang='lat' dir='ltr'>spe</span> <span class='ocrx_word' id='word_1_170' title='bbox 416 2333 510 2408; x_wconf 90' lang='lat' dir='ltr'>decipi</span> <span class='ocrx_word' id='word_1_171' title='bbox 530 2353 585 2394; x_wconf 92' lang='lat' dir='ltr'>nec</span> <span class='ocrx_word' id='word_1_172' title='bbox 606 2334 665 2392; x_wconf 93' lang='lat' dir='ltr'>ullo</span> <span class='ocrx_word' id='word_1_173' title='bbox 687 2345 766 2392; x_wconf 89' lang='lat' dir='ltr'>metu</span> <span class='ocrx_word' id='word_1_174' title='bbox 786 2335 884 2393; x_wconf 87' lang='lat' dir='ltr'>terreri</span> <span class='ocrx_word' id='word_1_175' title='bbox 911 2346 1078 2411; x_wconf 89' lang='lat' dir='ltr'>potuerunt,</span> <span class='ocrx_word' id='word_1_176' title='bbox 1101 2347 1129 2395; x_wconf 92' lang='lat' dir='ltr'>ut</span> 
     </span>
     <span class='ocr_line' id='line_1_23' title="bbox 191 2429 970 2508; baseline 0.009 -22"><span class='ocrx_word' id='word_1_177' title='bbox 191 2429 413 2488; x_wconf 88' lang='lat' dir='ltr'>commendatos</span> <span class='ocrx_word' id='word_1_178' title='bbox 427 2432 510 2490; x_wconf 91' lang='lat' dir='ltr'>vobis</span> <span class='ocrx_word' id='word_1_179' title='bbox 524 2432 662 2502; x_wconf 91' lang='lat' dir='ltr'>habeatis,</span> <span class='ocrx_word' id='word_1_180' title='bbox 678 2433 837 2508; x_wconf 91' lang='lat' dir='ltr'>petendum</span> <span class='ocrx_word' id='word_1_181' title='bbox 850 2434 970 2493; x_wconf 87' lang='lat' dir='ltr'>videtur.</span> 
     </span>
    </p>
   </div>
   <div class='ocr_carea' id='block_1_3' title="bbox 384 2587 949 2649">
    <p class='ocr_par' dir='ltr' id='par_1_3' title="bbox 384 2587 949 2649">
     <span class='ocr_line' id='line_1_24' title="bbox 384 2587 949 2649; baseline 0.009 -5"><span class='ocrx_word' id='word_1_182' title='bbox 384 2589 449 2646; x_wconf 88' lang='grc'><strong>133.</strong></span> <span class='ocrx_word' id='word_1_183' title='bbox 490 2587 548 2644; x_wconf 92' lang='lat' dir='ltr'>AD</span> <span class='ocrx_word' id='word_1_184' title='bbox 569 2587 819 2648; x_wconf 84' lang='lat' dir='ltr'>FAMILIARES</span> <span class='ocrx_word' id='word_1_185' title='bbox 841 2589 879 2648; x_wconf 93' lang='lat' dir='ltr'>X.</span> <span class='ocrx_word' id='word_1_186' title='bbox 904 2609 949 2649; x_wconf 91' lang='lat'>10.</span> 
     </span>
    </p>
   </div>
   <div class='ocr_carea' id='block_1_4' title="bbox 308 2701 1000 2872">
    <p class='ocr_par' dir='ltr' id='par_1_4' title="bbox 308 2701 1000 2872">
     <span class='ocr_line' id='line_1_25' title="bbox 308 2701 1000 2782; baseline 0.007 -20"><span class='ocrx_word' id='word_1_187' title='bbox 308 2701 373 2762; x_wconf 78' lang='lat' dir='ltr'>Sca.</span> <span class='ocrx_word' id='word_1_188' title='bbox 396 2702 505 2762; x_wconf 80' lang='lat' dir='ltr'>Rounn</span> <span class='ocrx_word' id='word_1_189' title='bbox 525 2721 565 2763; x_wconf 90' lang='lat'><em>111.</em></span> <span class='ocrx_word' id='word_1_190' title='bbox 588 2703 666 2764; x_wconf 74' lang='lat' dir='ltr'>Kar.</span> <span class='ocrx_word' id='word_1_191' title='bbox 687 2705 814 2764; x_wconf 74' lang='lat' dir='ltr'>Arruns</span> <span class='ocrx_word' id='word_1_192' title='bbox 835 2725 918 2767; x_wconf 73' lang='lat' dir='ltr'>auc.</span> <span class='ocrx_word' id='word_1_193' title='bbox 942 2720 1000 2782; x_wconf 78' lang='lat'>711</span> 
     </span>
     <span class='ocr_line' id='line_1_26' title="bbox 542 2827 785 2872; baseline 0.008 -2"><span class='ocrx_word' id='word_1_194' title='bbox 542 2827 644 2870; x_wconf 80' lang='lat' dir='ltr'>c1cnrro</span> <span class='ocrx_word' id='word_1_195' title='bbox 665 2830 785 2872; x_wconf 71' lang='lat' dir='ltr'>eunuco.</span> 
     </span>
    </p>
   </div>
   <div class='ocr_carea' id='block_1_5' title="bbox 237 2917 1133 3001">
    <p class='ocr_par' dir='ltr' id='par_1_5' title="bbox 237 2917 1133 3001">
     <span class='ocr_line' id='line_1_27' title="bbox 237 2917 1133 3001; baseline 0.01 -24"><span class='ocrx_word' id='word_1_196' title='bbox 237 2937 263 2978; x_wconf 90' lang='lat'>1.</span> <span class='ocrx_word' id='word_1_197' title='bbox 283 2917 355 2976; x_wconf 81' lang='lat' dir='ltr'>Ers1</span> <span class='ocrx_word' id='word_1_198' title='bbox 380 2919 448 2978; x_wconf 91' lang='lat' dir='ltr'>satis</span> <span class='ocrx_word' id='word_1_199' title='bbox 473 2939 510 2978; x_wconf 87' lang='lat' dir='ltr'>ex</span> <span class='ocrx_word' id='word_1_200' title='bbox 533 2920 642 2978; x_wconf 86' lang='lat' dir='ltr'>Furnio</span> <span class='ocrx_word' id='word_1_201' title='bbox 665 2931 766 2980; x_wconf 90' lang='lat' dir='ltr'>nostro</span> <span class='ocrx_word' id='word_1_202' title='bbox 787 2940 957 2998; x_wconf 86' lang='lat' dir='ltr'>cognoram,</span> <span class='ocrx_word' id='word_1_203' title='bbox 982 2944 1058 3001; x_wconf 92' lang='lat' dir='ltr'>quae</span> <span class='ocrx_word' id='word_1_204' title='bbox 1086 2937 1133 2986; x_wconf 86' lang='lat' dir='ltr'>tua</span> 
     </span>
    </p>
   </div>
   <div class='ocr_carea' id='block_1_6' title="bbox 193 3016 1135 3190">
    <p class='ocr_par' dir='ltr' id='par_1_6' title="bbox 193 3016 1135 3190">
     <span class='ocr_line' id='line_1_28' title="bbox 194 3016 1134 3094; baseline 0.013 -22"><span class='ocrx_word' id='word_1_205' title='bbox 194 3016 336 3088; x_wconf 89' lang='lat' dir='ltr'>voluntas,</span> <span class='ocrx_word' id='word_1_206' title='bbox 351 3017 432 3091; x_wconf 92' lang='lat' dir='ltr'>quod</span> <span class='ocrx_word' id='word_1_207' title='bbox 453 3018 606 3076; x_wconf 92' lang='lat' dir='ltr'>consilium</span> <span class='ocrx_word' id='word_1_208' title='bbox 628 3019 664 3077; x_wconf 95' lang='lat' dir='ltr'>de</span> <span class='ocrx_word' id='word_1_209' title='bbox 680 3038 712 3077; x_wconf 86' lang='lat' dir='ltr'>re</span> <span class='ocrx_word' id='word_1_210' title='bbox 731 3021 845 3094; x_wconf 89' lang='lat' dir='ltr'>publica</span> <span class='ocrx_word' id='word_1_211' title='bbox 861 3032 944 3092; x_wconf 87' lang='lat' dir='ltr'>esset,</span> <span class='ocrx_word' id='word_1_212' title='bbox 959 3032 1059 3082; x_wconf 89' lang='lat' dir='ltr'>tamen</span> <span class='ocrx_word' id='word_1_213' title='bbox 1080 3027 1134 3084; x_wconf 91' lang='lat' dir='ltr'>tuis</span> 
     </span>
     <span class='ocr_line' id='line_1_29' title="bbox 193 3109 1135 3190; baseline 0.008 -22"><span class='ocrx_word' id='word_1_214' title='bbox 193 3109 293 3168; x_wconf 88' lang='lat' dir='ltr'>litteris</span> <span class='ocrx_word' id='word_1_215' title='bbox 315 3110 395 3167; x_wconf 92' lang='lat' dir='ltr'>lectis</span> <span class='ocrx_word' id='word_1_216' title='bbox 412 3111 549 3186; x_wconf 90' lang='lat' dir='ltr'>liquidius</span> <span class='ocrx_word' id='word_1_217' title='bbox 564 3113 600 3169; x_wconf 92' lang='lat' dir='ltr'>de</span> <span class='ocrx_word' id='word_1_218' title='bbox 619 3122 680 3171; x_wconf 88' lang='lat' dir='ltr'>toto</span> <span class='ocrx_word' id='word_1_219' title='bbox 699 3131 786 3171; x_wconf 90' lang='lat' dir='ltr'>sensu</span> <span class='ocrx_word' id='word_1_220' title='bbox 799 3124 849 3172; x_wconf 91' lang='lat' dir='ltr'>tuo</span> <span class='ocrx_word' id='word_1_221' title='bbox 864 3115 993 3174; x_wconf 77' lang='lat' dir='ltr'>iudIcavi</span> <span class='ocrx_word' id='word_1_222' title='bbox 1036 3117 1135 3190; x_wconf 89' lang='lat' dir='ltr'>Quam</span> 
     </span>
    </p>
   </div>
   <div class='ocr_carea' id='block_1_7' title="bbox 147 3210 1136 3289">
    <p class='ocr_par' dir='ltr' id='par_1_7' title="bbox 147 3210 1136 3289">
     <span class='ocr_line' id='line_1_30' title="bbox 147 3210 1136 3289; baseline 0.008 -22"><span class='ocrx_word' id='word_1_223' title='bbox 147 3281 152 3289; x_wconf 86' lang='lat'><strong>.</strong></span> <span class='ocrx_word' id='word_1_224' title='bbox 194 3211 234 3268; x_wconf 96' lang='lat' dir='ltr'>ob</span> <span class='ocrx_word' id='word_1_225' title='bbox 262 3227 332 3279; x_wconf 90' lang='lat' dir='ltr'>rem,</span> <span class='ocrx_word' id='word_1_226' title='bbox 357 3227 533 3286; x_wconf 88' lang='lat' dir='ltr'>quamquam</span> <span class='ocrx_word' id='word_1_227' title='bbox 557 3210 588 3266; x_wconf 90' lang='lat' dir='ltr'>in</span> <span class='ocrx_word' id='word_1_228' title='bbox 610 3229 670 3269; x_wconf 92' lang='lat' dir='ltr'>uno</span> <span class='ocrx_word' id='word_1_229' title='bbox 695 3213 804 3287; x_wconf 93' lang='lat' dir='ltr'>proelio</span> <span class='ocrx_word' id='word_1_230' title='bbox 832 3215 926 3272; x_wconf 91' lang='lat' dir='ltr'>omnis</span> <span class='ocrx_word' id='word_1_231' title='bbox 954 3214 1069 3275; x_wconf 82' lang='lat' dir='ltr'>fortuna</span> <span class='ocrx_word' id='word_1_232' title='bbox 1097 3219 1136 3277; x_wconf 88' lang='lat' dir='ltr'>rei</span> 
     </span>
    </p>
   </div>
   <div class='ocr_carea' id='block_1_8' title="bbox 194 3307 1138 3481">
    <p class='ocr_par' dir='ltr' id='par_1_8' title="bbox 194 3307 1138 3481">
     <span class='ocr_line' id='line_1_31' title="bbox 194 3307 1137 3387; baseline 0.011 -24"><span class='ocrx_word' id='word_1_233' title='bbox 194 3307 328 3384; x_wconf 92' lang='lat' dir='ltr'>publicae</span> <span class='ocrx_word' id='word_1_234' title='bbox 350 3308 611 3383; x_wconf 87' lang='lat' dir='ltr'>disceptat—quod</span> <span class='ocrx_word' id='word_1_235' title='bbox 630 3308 755 3385; x_wconf 92' lang='lat' dir='ltr'>quidem,</span> <span class='ocrx_word' id='word_1_236' title='bbox 770 3328 836 3367; x_wconf 91' lang='lat' dir='ltr'>cum</span> <span class='ocrx_word' id='word_1_237' title='bbox 853 3311 925 3368; x_wconf 90' lang='lat' dir='ltr'>haec</span> <span class='ocrx_word' id='word_1_238' title='bbox 944 3312 1064 3387; x_wconf 77' lang='lat' dir='ltr'>legereS‚</span> <span class='ocrx_word' id='word_1_239' title='bbox 1080 3316 1137 3372; x_wconf 90' lang='lat' dir='ltr'>iam</span> 
     </span>
     <span class='ocr_line' id='line_1_32' title="bbox 196 3400 1138 3481; baseline 0.01 -23"><span class='ocrx_word' id='word_1_240' title='bbox 196 3400 344 3459; x_wconf 90' lang='lat' dir='ltr'>decretum</span> <span class='ocrx_word' id='word_1_241' title='bbox 359 3401 515 3459; x_wconf 87' lang='lat' dir='ltr'>arbitrabar</span> <span class='ocrx_word' id='word_1_242' title='bbox 529 3401 640 3469; x_wconf 86' lang='lat' dir='ltr'>fore-,</span> <span class='ocrx_word' id='word_1_243' title='bbox 655 3413 752 3461; x_wconf 86' lang='lat' dir='ltr'>tamen</span> <span class='ocrx_word' id='word_1_244' title='bbox 771 3403 833 3480; x_wconf 89' lang='lat' dir='ltr'>ipsa</span> <span class='ocrx_word' id='word_1_245' title='bbox 847 3403 932 3475; x_wconf 89' lang='lat' dir='ltr'>fama,</span> <span class='ocrx_word' id='word_1_246' title='bbox 948 3423 1022 3481; x_wconf 89' lang='lat' dir='ltr'>quae</span> <span class='ocrx_word' id='word_1_247' title='bbox 1036 3407 1075 3466; x_wconf 91' lang='lat' dir='ltr'>de</span> <span class='ocrx_word' id='word_1_248' title='bbox 1090 3418 1138 3466; x_wconf 86' lang='lat' dir='ltr'>tua</span> 
     </span>
    </p>
   </div>
   <div class='ocr_carea' id='block_1_9' title="bbox 0 0 1196 3788">
    <p class='ocr_par' dir='ltr' id='par_1_9' title="bbox 0 0 1196 3788">
     <span class='ocr_line' id='line_1_33' title="bbox 0 0 1196 3788; baseline 0 0"><span class='ocrx_word' id='word_1_249' title='bbox 0 0 1196 3788; x_wconf 95' lang='lat' dir='ltr'> </span> 
     </span>
    </p>
   </div>
  </div>
 </body>
</html>
