2348 3788
75 200 186 288 apsa]
295 216 405 268 rrrsr.
427 215 477 264 ar>
498 216 729 268 arrianum.
756 223 807 273 10.
959 222 1019 292 153

75 371 250 446 cogitabam,
264 372 367 429 urbem
382 381 478 430 autem
497 381 525 431 et
544 373 686 449 populum
700 383 830 432 nostrum
845 376 1017 434 servandum

74 470 113 527 ad
134 469 385 536 immortalitatem,
402 481 543 545 quantum
564 472 593 528 in
614 474 699 530 nobis
721 482 805 543 esset,
827 475 974 549 putabam,
990 486 1017 531 et

72 581 173 626 tamen
191 586 259 642 spes
278 567 423 642 quaedam
444 560 491 627 me
508 570 671 628 oblectabat
689 570 760 640 fore,
775 581 805 628 ut
824 573 931 647 aliquid
949 590 1017 630 con-

72 667 183 722 veniret
202 665 307 739 potius,
323 683 411 740 quam
431 676 479 723 aut
498 666 545 724 hic
566 676 678 725 tantum
697 668 812 726 sceleris
827 678 876 726 aut
894 669 939 726 ille
954 679 1017 726 tan·

73 774 136 820 tum
151 762 251 837 flagitii
267 762 437 820 admitteret.
481 763 548 821 Alia
561 782 607 822 res
627 783 705 822 nunc
723 775 784 823 tota
798 776 849 836 est,
865 766 920 824 alia
934 785 1018 825 mens

74 879 157 918 mea:
179 860 232 930 sol,
246 869 277 917 ut
297 870 340 918 est
361 862 391 917 in
413 870 462 918 tua
476 861 601 937 quadam
616 862 745 937 epistola,
760 864 901 921 excidisse
915 865 986 921 mihi
1001 883 1017 921 e

73 957 187 1016 mundo
210 957 328 1015 videtur.
372 956 413 1014 Ut
434 969 562 1034 aegr0t0,
584 959 653 1017 dum
675 960 772 1016 anima
793 969 844 1030 est,
864 979 931 1037 spes
952 980 1017 1019 esse

75 1056 186 1124 dicitur,
208 1055 250 1113 sic
271 1072 336 1129 ege,
359 1055 457 1129 quoad
478 1056 634 1131 Pompeius
656 1057 686 1114 in
714 1057 797 1115 Italia
818 1057 878 1127 suit,
901 1077 1017 1134 sperare

74 1170 137 1209 non
166 1153 278 1210 destiti:
308 1152 381 1210 haec
408 1170 456 1210 me
477 1153 646 1225 fefellerunt,
671 1163 707 1224 et,
730 1165 761 1212 ut
783 1173 882 1213 verum
905 1157 1017 1232 loquar,

74 1260 154 1307 aetas
169 1251 226 1307 iam
241 1269 258 1307 a
273 1251 413 1308 diuturnis
433 1251 580 1309 laboribus
595 1252 705 1309 devexa
719 1253 755 1310 ad
772 1254 862 1310 otium
878 1254 1017 1312 domesti-

75 1366 174 1405 carum
202 1366 249 1405 me
276 1366 372 1405 rerum
396 1349 585 1407 delectatione
612 1350 739 1408 mollivit.
796 1349 891 1421 Nunc,
921 1352 944 1409 si
972 1353 1017 1408 vel

75 1446 236 1522 periculose
271 1447 482 1521 experiundum
512 1449 572 1518 erit,
600 1449 731 1524 experiar
765 1458 850 1519 certe,
882 1457 914 1506 ut
947 1449 1016 1506 hinc

75 1544 195 1602 avolem.
238 1543 316 1601 Ante
341 1546 468 1619 oportuit
492 1545 612 1603 fortasse
624 1564 633 1618 ;
666 1547 718 1604 sed
742 1564 785 1617 ea,
808 1565 882 1622 quae
907 1548 1016 1622 scripsi,

75 1661 124 1700 me
148 1642 295 1699 tardarunt
317 1651 346 1700 et
370 1647 524 1702 auctoritas
551 1644 678 1702 maxime
699 1654 756 1702 tua.
800 1663 826 1716 4.
849 1643 927 1702 Nam
949 1643 1016 1703 curn

75 1740 114 1797 ad
142 1739 220 1797 hunc
247 1740 344 1797 locum
372 1741 523 1812 venissem,
552 1741 643 1798 evolvi
666 1741 803 1799 volumen
831 1743 1016 1818 epistolarum

74 1850 197 1906 tuarum,
220 1838 300 1913 quod
322 1855 415 1912 ego
401 1839 451 1894 sub
475 1839 559 1912 signo
580 1838 675 1896 habeo
698 1857 837 1914 servoque
860 1840 1015 1915 diligentis-

75 1937 156 1993 sime.
197 1935 294 1992 Erat
287 1936 372 2009 igitur
392 1935 422 1991 in
444 1953 487 2005 ea,
502 1953 590 2010 quarn
611 1955 638 1994 x
655 1935 693 1993 K.
709 1926 792 1996 Febr.
807 1936 936 2008 dederas,
958 1937 1015 1995 hoc

75 2033 183 2091 modo
218 2033 286 2090 ‘sed
313 2033 470 2103 videamus,
499 2043 527 2090 et
557 2033 676 2092 Gnaeus
700 2033 770 2109 quid
794 2044 861 2108 agat
886 2044 914 2092 et
942 2034 1014 2092 illius

74 2131 200 2187 rationes
221 2147 359 2205 quorsum
380 2129 486 2187 fluant:
512 2130 592 2205 quod
612 2131 638 2189 si
657 2131 710 2188 iste
732 2131 844 2188 Italiam
865 2131 1013 2206 relinquet,

75 2228 160 2285 saciet
174 2228 296 2284 omnino
311 2227 386 2284 male
400 2237 436 2298 et,
446 2236 478 2284 ut
489 2245 545 2302 ego
556 2228 699 2297 existimo,
711 2230 868 2301 ἀλογίστωςε
888 2228 1013 2286 sedtum

74 2326 192 2383 demum
213 2325 331 2383 consilia
349 2335 449 2382 nostra
463 2326 671 2383 commutanda
685 2325 785 2384 erunt!
828 2325 897 2383 Hoc
912 2328 1025 2394 scribis¹

74 2432 142 2498 p'ost
163 2424 240 2480 diem
260 2432 402 2498 quartum,
417 2440 505 2497 quam
526 2424 563 2480 ab
578 2424 649 2481 urbe
664 2423 856 2481 discessimus.
900 2423 1014 2482 Deinde

75 2537 134 2577 vrrr.
146 2519 184 2577 K.
196 2519 277 2577 Febr.
291 2538 298 2577 ε
321 2525 450 2577 ‘tantum
465 2520 555 2578 modo
570 2519 689 2578 Gnaeus
700 2532 799 2578 noster
809 2540 854 2591 ne,
864 2531 895 2579 ut
913 2524 1014 2580 urbem

74 2615 220 2688 ἀλογίστως
233 2618 353 2692 reliquit,
369 2618 410 2674 sic
432 2616 544 2675 Italiam
563 2616 721 2692 relinquat'
762 2618 876 2676 Eodem
897 2619 942 2676 die
962 2621 1014 2678 das

75 2713 177 2772 alteras
198 2714 314 2785 litteraS,
329 2715 434 2791 quibus
448 2715 519 2772 mihi
534 2716 696 2773 consulenti
711 2715 878 2791 planissime
892 2734 1013 2792 respon·

74 2814 139 2884 des;
161 2823 203 2870 est
218 2815 295 2871 enim
307 2814 360 2871 sic:
383 2813 447 2872 ‘sed
461 2806 546 2871 venio
561 2813 597 2871 ad
607 2814 848 2872 consultationem
863 2823 949 2872 tuam.
985 2816 1014 2873 Si

74 2907 193 2966 Gnaeus
205 2910 288 2967 Italia
302 2911 385 2980 cedit,
394 2911 424 2967 in
435 2911 536 2968 urbem
550 2911 730 2969 redeundum
741 2920 812 2986 puto
823 2931 830 2983 ;
853 2930 926 2987 quae
936 2913 1013 2970 enim

74 3007 139 3064 linis
154 3008 426 3082 peregrinationisi’
449 3007 518 3065 Hoc
532 3007 602 3064 mihi
624 3008 709 3083 plane
723 3007 823 3079 haesit,
838 3019 867 3066 et
881 3028 958 3067 nunc
973 3011 1013 3067 ita

73 3105 165 3174 video,
182 3106 323 3163 infinitum
337 3107 444 3164 bellum
460 3107 589 3164 iunctum
603 3106 763 3163 miserrima
781 3106 858 3180 fuga,
874 3125 963 3182 quam
982 3117 1012 3163 tu

74 3203 336 3278 peregrinationem
364 3204 506 3276 ὑποκορίζῃ.
553 3217 579 3276 5.
604 3203 737 3280 Sequitur
764 3206 880 3276 χρησμὸς
907 3221 945 3260 vr.
969 3202 1009 3260 K.

73 3300 259 3360 Februarias:
282 3307 363 3376 ‘ego
379 3302 402 3359 si
422 3301 578 3376 Pompeius
595 3311 692 3358 manet
706 3303 736 3358 in
751 3301 832 3358 Italia
846 3318 900 3358 nec
914 3318 959 3357 res
974 3302 1011 3358 ad

74 3399 237 3474 pactionem
262 3400 346 3473 venit,
367 3399 482 3474 longius
506 3397 614 3457 bellum
635 3408 705 3474 puto
726 3397 787 3456 fore
797 3418 807 3472 3
833 3398 877 3457 sin
898 3398 1010 3459 Italiam
