2348 3788
115 207 176 292 238
392 220 576 269 maman
596 219 787 268 arcanorum
943 203 1010 288 [rm
1023 221 1049 268 r.

114 388 200 453 atque
225 378 311 435 etiam
334 376 407 447 vide,
427 377 497 453 quid
520 377 668 453 suscipias,
691 362 760 453 quid
784 375 926 434 sustinere
951 377 1050 452 possis,

114 493 316 550 nequequam
336 475 386 532 diu
407 475 507 532 vixerit
528 474 644 546 Caesar,
659 476 711 534 sed
728 493 816 550 quam
838 493 900 532 non
922 475 972 533 diu
992 494 1051 550 reg·

115 575 198 642 narit,
226 573 272 631 fac
299 575 419 646 cogites.
467 572 549 630 Deos
578 591 762 648 quaesumus,
791 572 912 631 consilia
940 583 990 630 tua
1016 573 1052 630 rei

115 672 246 747 publicae
271 671 403 728 salutaria
424 671 479 728 sint
501 689 535 728 ac
556 671 623 742 tibi;
647 672 797 742 siminus,
818 680 850 728 ut
871 671 950 729 salva
971 681 1052 748 atque
1098 657 1100 664 ⁴

115 769 239 826 honesta
252 787 282 826 re
296 768 411 843 publica
424 768 476 829 tibi
490 786 578 843 quam
592 768 745 825 minimum
762 778 895 839 noceant,
912 779 1052 845 optamus.

116 865 210 923 Pridie
225 865 327 923 Nonas
343 864 421 923 Sext.

322 1025 388 1082 117.
432 1022 490 1080 An
511 1021 706 1081 Arrrcurr
728 1023 815 1107 xvi..
833 1037 859 1098 7.

139 1138 268 1199 Scurrsrr
288 1157 430 1221 mvrcaus
450 1157 489 1197 nn
510 1139 705 1198 Pomnrnuurr
726 1157 791 1198 nn.
807 1140 1038 1201 xtuKatnunas

402 1235 589 1294 Sarranates
610 1254 692 1295 nuc.
714 1249 781 1310 710.

432 1360 533 1401 CICERO
546 1361 661 1402 'ATTICO
682 1361 743 1401 SAL.

164 1478 188 1516 1.
210 1477 269 1516 vm.
283 1454 352 1514 Inus
367 1455 463 1514 Sextil.
479 1474 545 1513 curn
565 1474 583 1512 a
601 1454 783 1532 Leucopetra
800 1456 1055 1531 profectus-inde

119 1557 197 1615 enim
219 1553 544 1611 tramittebam—stadia
566 1553 676 1610 circiter
696 1571 755 1613 ccc.
775 1555 995 1629 processissem,
1009 1556 1057 1612 rei·

120 1665 201 1712 ectus
225 1670 290 1710 sum
314 1660 411 1708 austro
435 1649 597 1708 vehementi
622 1651 660 1708 ad
687 1651 810 1710 eandem
838 1652 1055 1728 Leucopetram.

120 1752 165 1809 Ibi
189 1768 256 1808 curn
280 1759 398 1805 ventum
426 1757 728 1823 exspectarem-erat
755 1750 833 1806 enirn
861 1749 926 1808 villa
954 1750 1058 1809 Valerii

121 1849 218 1918 nostri,
233 1857 264 1904 ut
284 1845 458 1922 familiariter
479 1863 573 1903 essem
595 1855 623 1902 et
643 1845 911 1922 libenter—Regini
933 1849 1058 1923 quidam,

121 1948 243 2005 illustres
257 1944 398 2014 homines,
413 1961 450 2001 eo
464 1951 611 2012 venerunt,
627 1942 724 2000 Roma
739 1962 808 2001 sane
823 1955 964 2016 recenteS,
979 1946 1011 2003 in
1029 1947 1059 2003 iis

123 2045 203 2102 Bruti
230 2043 321 2101 nostri
352 2042 469 2116 hospes,
497 2042 547 2116 qui
582 2040 703 2099 Brutum
735 2040 860 2116 Neapoli
892 2043 1059 2118 reliquisset

124 2142 209 2200 Haec
237 2138 419 2198 adferebant:
441 2138 566 2196 edictum
592 2137 671 2210 Bruti
692 2148 721 2196 et
746 2135 847 2208 Cassii,
870 2148 899 2196 et
921 2139 985 2198 fore
1009 2141 1060 2199 fre·

124 2249 262 2315 quentem
287 2246 418 2294 senatum
444 2234 591 2307 Kalendis,
613 2253 630 2292 a
654 2233 744 2294 Bruto
769 2245 797 2294 et
825 2234 928 2295 Cassio
956 2237 1061 2296 litteras

124 2339 227 2395 missas
249 2334 286 2392 ad
306 2333 471 2392 consulares
492 2343 520 2390 et
543 2333 711 2409 praetorios,
732 2343 763 2390 ut
787 2333 929 2405 adessent,
950 2353 1060 2411 rogare.

126 2436 276 2494 Summam
293 2450 375 2508 spem
395 2431 566 2488 nuntiabant
585 2431 647 2488 fore
667 2442 699 2488 ut
717 2432 862 2490 Antonius
881 2433 1005 2505 cederet,
1020 2452 1063 2490 res

125 2534 299 2601 conveniret,
321 2529 412 2586 nostri
433 2528 560 2585 Romam
580 2528 721 2600 redirent,
744 2529 888 2587 addebant
909 2531 998 2587 etiam
1018 2550 1064 2588 me

126 2628 289 2697 desiderari,
316 2627 506 2685 subaccusari.
548 2617 633 2696 Quae
654 2645 721 2684 cum
747 2627 900 2698 audissem,
923 2629 987 2686 sine
1010 2630 1066 2687 ulla

128 2728 305 2789 dubitatione
327 2725 417 2783 abieci
438 2726 590 2783 consilium
611 2725 805 2800 profectionis,
820 2744 879 2801 quo
900 2726 1066 2786 mehercule

127 2846 165 2886 ne
190 2835 275 2891 antea
296 2823 413 2900 quidem
438 2824 618 2895 delectabar;
645 2843 670 2881 2.
692 2823 772 2881 lectis
796 2841 864 2881 vero
887 2825 943 2881 tuis
968 2825 1067 2883 litteris

129 2925 285 2986 admiratus
306 2922 441 2997 equidem
462 2941 527 2979 sum
546 2932 579 2980 -te
604 2932 662 2979 tam
683 2921 869 2981 vehementer
893 2927 1068 2982 sententiam

130 3030 331 3089 commutasse,
346 3021 398 3077 sed
413 3039 472 3077 non
488 3021 548 3078 sine
563 3038 651 3077 causa
665 3012 838 3078 arbitrabar:
859 3021 920 3091 etsi,
936 3024 1068 3096 quamvis

130 3140 191 3180 non
212 3119 297 3176 lucris
318 3135 419 3174 suasor
440 3126 469 3174 et
489 3117 629 3192 impulsor
649 3117 836 3192 profectionis
856 3137 948 3189 meae,
963 3120 1069 3196 adpro-

131 3222 214 3278 bator
235 3226 312 3276 certe
332 3215 416 3286 fuisti,
438 3216 508 3274 dum
532 3216 622 3273 modo
648 3215 714 3274 Kal.
737 3216 798 3273 lan.
822 3216 936 3276 Romae
957 3237 1069 3291 essem;

132 3319 171 3374 ita
199 3316 285 3372 fiebat
311 3325 352 3386 ut,
380 3315 449 3372 dum
476 3315 572 3371 minus
605 3314 722 3389 periculi
756 3314 899 3384 oderetur,
927 3315 1069 3390 abessem,

131 3416 162 3472 in
190 3413 335 3471 flammam
364 3412 455 3470 iusam
485 3412 609 3454 uenirem
772 3429 833 3458 meo
872 3412 983 3470 etiamsi
1010 3432 1070 3472 non
