2356 3810
114 223 159 284 ep.
176 206 232 289 η]
319 215 432 268 urrsr.
454 216 504 263 sn
527 215 649 280 Qurrrr.
671 216 779 264 enar.
800 217 892 288 ιι..3
1012 201 1054 265 61

115 394 182 434 rum
203 372 391 432 offenderem
420 371 525 432 ἄξιε·
517 391 548 430 m
569 381 718 449 postemm
734 372 825 479 dilala
850 381 913 443 est;
934 369 1057 431 Clodius

116 410 457 547 inQth-aliapr'odil'
416 472 457 528 rtit
459 446 556 530 die'm
593 489 619 544 3.
640 471 677 528 A.
689 471 716 529 d.
730 488 767 528 v1.
782 470 825 528 ld
840 470 926 528 Febr
939 480 1058 529 senatus

117 571 156 628 ad
183 569 331 646 Apollinis
356 569 416 639 fuit,
443 578 475 626 ut
498 569 655 644 Pompeius
681 568 803 626 adesset
845 567 988 627 Aetates
1012 579 1058 626 est

139 668 242 726 rariter
259 685 277 733 a
297 667 449 742 Pompeio.
488 665 535 724 Eo
556 667 602 724 die
622 667 692 723 nihil
708 666 867 742 perfectum
888 675 939 725 est
980 667 1017 725 A.
1029 666 1061 724 d.

117 687 146 825 ἐ.
166 767 212 824 Id.
228 765 314 824 Febr.
333 765 372 822 ad
391 764 534 840 Apollinis
551 774 667 847 senatus
688 764 852 822 consultum
870 765 982 823 factum
1004 774 1061 836 est,

117 883 162 934 ea,
184 883 262 942 quae
287 863 365 925 sacta
390 872 489 921 essent
512 881 538 920 a.
556 862 583 921 d.
611 881 649 921 vr.
675 862 718 920 Id.
745 863 838 933 Febr,
867 873 972 920 contra
995 881 1059 922 rem

117 964 266 1040 publicam
293 980 357 1022 esse
384 961 468 1020 facta.
509 960 555 1019 Eo
584 961 630 1020 die
658 959 732 1018 Cato
755 961 940 1018 vehementer
963 970 1009 1018 est
1028 961 1061 1017 in

118 1062 294 1140 Pompeium
315 1060 443 1119 invectus
464 1069 493 1118 et
513 1077 580 1117 eum
600 1059 732 1116 oratione
751 1068 889 1136 perpetua
909 1067 1059 1135 tamquam

118 1179 202 1218 reum
216 1159 360 1218 accusavit
368 1177 378 1230 ;
398 1157 436 1215 de
451 1175 498 1215 me
515 1157 606 1215 multa
619 1174 666 1213 me
680 1157 769 1214 invito
784 1175 851 1214 cum
865 1175 934 1215 mea
945 1174 1059 1215 summa

117 1258 207 1317 laude
223 1257 309 1315 dixit:
330 1244 397 1313 curn
411 1254 485 1318 illius
497 1255 530 1312 in
539 1272 588 1312 rue
601 1254 752 1329 perfidiam
765 1240 936 1330 increparet,
944 1255 1059 1313 auditus
1146 1243 1148 1247 ’

118 1367 164 1416 est
176 1353 414 1430 magnosileutio
429 1352 645 1410 malevolorum.
686 1352 850 1429 Respondit
863 1352 890 1410 ei
903 1352 1059 1410 vehemen-

118 1465 163 1513 ter
182 1452 339 1528 Pompeius
361 1450 559 1525 Crassumque
577 1450 737 1526 descripsit,
758 1451 886 1526 dixitque
908 1459 1005 1526 aperte
1028 1468 1061 1508 se

118 1551 305 1610 munitiorem
333 1548 371 1606 ad
397 1549 617 1607 custodiendam
644 1550 735 1607 vitam
763 1567 845 1608 suam
873 1547 946 1620 fore,
971 1565 1062 1624 quam

118 1649 273 1714 Africanus
286 1647 396 1717 fuisset,
411 1664 499 1722 qruem
513 1645 547 1705 C.
562 1645 658 1705 Carbo
673 1648 876 1705 interemisset..
908 1665 937 1718 4.
958 1646 1060 1722 Itaque

118 1764 246 1822 magnae
264 1745 335 1802 mihi
349 1763 395 1803 res
408 1745 466 1802 iam
482 1745 590 1802 moveri
604 1745 792 1803 videbantur:
813 1762 884 1802 nain
903 1745 1060 1820 Pompeius

118 1843 192 1902 baec
213 1843 351 1918 intellegit
370 1843 582 1918 nobiscumque
610 1843 815 1914 communicat
841 1843 960 1900 insidias
986 1844 1060 1900 vitae

119 1961 193 2003 suae
210 1941 279 2012 fieri,
298 1941 335 1999 C
348 1940 493 2000 Catonem
511 1959 529 1998 a
549 1939 655 1999 Crasso
674 1941 836 2027 urstentau’,
850 1939 958 1999 Clodio
972 1958 1062 2016 pecu

118 2041 199 2099 niam
230 2014 435 2115 suppeditari
445 2050 599 2114 utrumque
625 2049 654 2096 et
680 2040 718 2096 ab
745 2057 782 2096 eo
810 2044 841 2096 et
875 2056 894 2096 a
923 2026 1070 2106 Curione,

120 2138 228 2196 Bibulo
254 2137 414 2212 ceterisque
437 2137 497 2194 suis
516 2137 753 2194 obtrectatoribus
782 2136 959 2205 confirmari
975 2135 1060 2192 uehe-

119 2245 234 2294 menter
254 2253 317 2292 esse
338 2234 550 2309 providendum
563 2252 601 2291 ne
615 2235 795 2320 opprimatur
810 2233 991 2291 contionario
1012 2233 1062 2292 illo

120 2332 262 2410 populoa
276 2351 307 2390 se
321 2349 413 2407 prope
427 2331 565 2400 alienato,
575 2331 725 2389 nobilitate
737 2331 863 2402 inimica,
883 2348 945 2389 non
965 2348 1061 2407 aequo

121 2441 233 2501 senatu,
248 2430 393 2488 iuventute
411 2431 552 2505 improba
594 2427 697 2505 Itaque
711 2446 745 2486 se.
756 2438 915 2505 comparat,
928 2427 1062 2486 homines

121 2548 159 2588 ex
179 2528 258 2603 agris
275 2528 409 2599 arcessit;
431 2545 536 2602 operas
555 2535 651 2585 autem
671 2545 738 2586 suas
753 2526 873 2585 Clodius
892 2526 1062 2586 confirmat:

120 2643 227 2684 manus
246 2625 284 2683 ad
297 2624 459 2696 Quirinalia
477 2636 619 2700 paratru·
634 2625 665 2683 iu
685 2643 723 2683 eo
744 2625 842 2683 multo
857 2643 970 2684 sumus
976 2642 1063 2700 supe·

120 2723 212 2781 riores
227 2723 316 2798 ipsius
331 2723 441 2798 copiis3
463 2733 492 2781 et
510 2741 618 2797 magna
631 2740 739 2781 manus
751 2741 786 2780 ex
801 2702 923 2781 Pideno
923 2708 952 2780 e't
962 2718 1063 2781 Gallia

123 2829 315 2896 exspectatur,
334 2830 366 2878 ut
386 2820 472 2877 etiam
493 2819 614 2880 Catonis
624 2820 832 2905 rogationibus
852 2820 891 2878 de
902 2820 1013 2879 Milone
1033 2828 1064 2878 et

122 2917 248 2976 Lentulo
269 2917 442 2976 resistamus.
485 2931 511 2990 5.
527 2919 563 2976 A.
578 2908 627 2976 d
625 2937 677 2976 1111.
699 2918 769 2976 Idus
790 2917 875 2976 Febr.
896 2917 1005 2976 Sestius
1025 2919 1064 2975 ab

122 3015 218 3077 indice
234 3013 289 3079 Cn.
304 3013 393 3073 Nerio
408 3016 531 3097 Pupinia
545 3017 669 3074 ambitus
683 3026 727 3074 est
741 3015 901 3092 postulatus
915 3027 945 3074 et
958 3016 1065 3074 eodem

122 3114 171 3172 die
189 3131 207 3170 a
227 3114 356 3188 quodam
379 3113 421 3171 M.
438 3113 535 3171 Tullio
556 3114 592 3172 de
611 3114 646 3178 vi,
689 3114 719 3173 Is
738 3125 798 3172 erat
817 3133 920 3190 aeger:
941 3115 1064 3172 domum

84 3291 87 3295 ἢ
121 3223 156 3271 ut
184 3213 346 3282 debuimus,
375 3211 412 3269 ad
440 3230 507 3269 eum
529 3213 625 3270 statim
645 3213 776 3270 venimus
798 3213 882 3288 eique
902 3230 958 3269 nos
986 3220 1064 3269 totos

125 3310 306 3379 tradidimus,
328 3310 415 3385 idque
440 3309 560 3367 lecimus
581 3321 693 3385 praeter
713 3309 863 3367 hominum
885 3309 1063 3384 opinionem,

124 3408 175 3484 qui
203 3425 259 3466 nos
287 3407 313 3466 ei
341 3408 401 3465 iure
429 3425 598 3466 succensere
625 3409 774 3483 putabant,
806 3418 838 3465 ut
864 3407 1064 3466 humanissimi
