2348 3788
57 222 218 306 sp.50,51.]
241 234 355 286 aersr.
376 235 426 284 Ab
447 231 613 285 Arrrouu
634 233 720 283 Vrrr.
736 238 774 288 12
795 234 828 282 u.
939 240 997 306 131

55 393 174 467 negotia
188 393 267 451 tueri.
309 391 386 453 Cum
407 411 444 452 eo
459 393 611 464 venissem,
625 393 684 452 vidi
698 391 736 452 T.
750 392 891 469 Ampium
913 392 999 450 dilec-

54 500 118 547 tum
145 490 251 548 habere
283 490 510 566 diligentissime,
543 492 581 549 ab
616 507 653 549 eo
687 490 818 566 accipere
846 491 999 559 Libonem,

55 605 171 646 summa
189 589 258 647 item
278 589 424 664 diligentia
441 599 470 648 et
483 590 514 647 in
527 588 575 646 illa
592 588 708 647 colonia
727 589 904 647 auctoritate.
945 588 1000 646 Fui

55 685 185 761 Capuae,
199 687 297 763 quoad
312 682 466 745 consules.
496 685 613 758 Iterum,
628 696 659 743 ut
675 695 735 744 erat
749 687 876 744 edictum
895 705 913 744 a
929 704 1000 743 con-

55 784 178 856 sulibus,
190 785 255 843 veni
277 784 409 861 Capuam
431 785 469 845 ad
484 783 587 842 Nonas
608 782 744 842 Februar.
786 783 862 842 Cum
882 784 1001 841 inissem

55 883 191 953 triduum,
205 883 302 958 recepi
316 901 363 940 me
377 882 520 940 Formias.
561 899 588 957 3.
611 880 707 952 Nunc,
722 880 802 956 quod
823 892 906 938 tuum
928 899 999 938 con-

55 980 151 1038 silium
173 991 221 1039 aut
235 999 309 1056 quae
330 981 402 1038 ratio
423 979 489 1037 belli
511 979 555 1049 sit,
569 982 691 1054 ignoro:
713 979 737 1036 si
752 979 908 1036 tenendam
924 978 1000 1036 hanc

55 1098 139 1137 oram
159 1091 252 1155 putas,
267 1097 342 1154 quae
360 1091 388 1138 et
409 1077 657 1154 opportunitatem
675 1085 704 1134 et
723 1076 891 1151 dignitatem
913 1076 1000 1135 habet

56 1186 86 1233 et
107 1177 239 1252 egregios
260 1177 345 1246 cives,
360 1185 398 1246 et,
418 1184 450 1232 ut
471 1174 599 1243 arbitror,
620 1172 711 1230 teneri
733 1182 838 1248 potest,
860 1190 935 1248 opus
956 1184 999 1231 est

57 1291 122 1329 esse
138 1274 186 1348 qui
200 1274 322 1349 praesit;
345 1273 389 1329 sin
411 1272 510 1328 omnia
529 1287 621 1327 unum
640 1269 670 1326 in
684 1268 783 1326 locum
804 1270 1000 1328 contrahenda

57 1380 133 1441 sunt,
149 1388 209 1428 non
224 1370 324 1428 dubito
339 1370 410 1445 quin
424 1369 462 1425 ad
476 1377 505 1425 te
523 1367 619 1425 statim
634 1367 757 1435 veniam,
772 1383 832 1442 quo
847 1365 917 1423 mihi
930 1367 1000 1424 nihil

56 1468 183 1542 optatius
204 1478 255 1537 est,
270 1468 357 1541 idque
379 1477 484 1536 tecum,
505 1482 564 1541 quo
587 1464 633 1522 die
654 1463 691 1521 ab
713 1465 783 1522 urbe
805 1464 998 1536 discessimus,

56 1565 171 1622 locutus
192 1583 266 1622 sum.
307 1564 384 1639 Ego,
406 1564 430 1622 si
455 1562 501 1622 cui
525 1561 621 1620 adhuc
644 1561 744 1619 videor
766 1563 882 1638 segnior
903 1562 1001 1634 fuisse,

57 1661 129 1718 dum
149 1680 186 1720 ne
206 1663 258 1720 tibi
279 1662 383 1733 videar,
405 1679 466 1719 non
488 1660 599 1730 laboro,
621 1668 650 1717 et
672 1669 778 1730 tamen,
799 1661 833 1729 sl,
853 1669 885 1718 ut
906 1661 990 1719 video

56 1758 165 1816 bellum
187 1759 347 1834 gerendum
370 1768 422 1829 est,
448 1757 566 1817 confido
590 1775 639 1816 me
662 1757 799 1815 omnibus
824 1757 907 1817 facile
931 1760 999 1818 satis

56 1856 210 1914 factumm.
253 1875 281 1928 4.
305 1855 348 1913 M.
369 1855 506 1922 Tullium,
540 1871 640 1913 meum
669 1855 872 1925 necessarium,
902 1855 940 1915 ad
971 1866 1000 1916 te

56 1956 133 2026 misi,
148 1955 194 2014 cui
208 1966 247 2025 tu,
263 1956 287 2013 si
301 1956 351 2012 tibi
365 1955 516 2024 videretur,
531 1953 570 2011 ad
583 1971 631 2010 me
645 1952 753 2010 litteras
767 1952 859 2011 dares.
945 1936 947 1942 ⁸

234 2117 282 2171 51.
323 2112 380 2171 AD
401 2110 595 2202 ATTICIIM
617 2109 702 2168 VIII.
727 2127 761 2168 12
784 2110 822 2168 D.

96 2226 161 2287 Sca.
184 2225 334 2287 Lucanum
355 2245 383 2286 s.
403 2245 431 2286 o.
452 2243 512 2285 xm.
534 2224 611 2284 Kar.
632 2224 769 2284 MARTms
790 2245 872 2286 auc.
896 2240 911 2301 7
937 2241 963 2300 5.

159 2353 203 2394 cu.
224 2352 339 2394 uacuus
360 2351 473 2393 procos.
493 2350 516 2392 s.
535 2351 563 2392 ι).
584 2351 612 2391 a.
633 2350 755 2393 commo
775 2351 889 2392 enocos.

101 2468 127 2508 1.
152 2449 303 2507 ersurrau
326 2448 397 2506 mihi
418 2466 436 2506 a
460 2457 488 2505 te
511 2447 637 2505 redditae
660 2457 727 2506 sunt
751 2447 997 2507 a.d.xu1.Kal.

57 2548 187 2614 Martias,
215 2548 245 2604 in
276 2547 380 2622 quibus
415 2546 513 2604 scribis
541 2543 697 2604 Caesarem
731 2546 809 2622 apud
836 2546 997 2605 Corfinium

57 2657 152 2704 castra
166 2645 306 2720 posuisse.
348 2643 438 2716 Quod
451 2644 548 2721 putavi
566 2653 595 2702 et
611 2645 781 2720 praemonui
795 2643 835 2714 fit,
850 2654 881 2701 ut
900 2646 998 2703 necin
1044 2679 1048 2690 ·

57 2744 221 2819 praesentia
244 2743 426 2800 committere
447 2752 543 2800 tecum
564 2741 704 2816 proelium
725 2740 791 2799 velit
812 2751 842 2798 et
862 2745 999 2802 omnibus

57 2842 150 2916 copiis
165 2840 315 2899 conductis
330 2851 357 2898 te
371 2840 504 2916 implicet,
519 2857 557 2896 ne
571 2837 609 2895 ad
624 2856 671 2896 me
689 2838 740 2896 iter
759 2839 809 2897 tibi
831 2841 999 2916 expeditum

58 2941 96 2997 sit
115 2951 201 3014 atque
216 2939 285 2997 istas
300 2939 400 3014 copias
414 2938 589 3012 coniungere
603 2937 781 3011 optimorum
803 2937 908 2997 civium
929 2958 998 3016 pos·

56 3038 98 3095 sis
119 3055 186 3095 cum
207 3037 240 3094 iis
259 3037 429 3112 legionibus,
451 3036 487 3094 de
506 3052 629 3112 quarum
649 3033 797 3092 voluntate
817 3035 998 3096 dubitamus:

56 3153 118 3210 quo
146 3136 232 3193 etiam
260 3136 353 3209 magis
380 3136 436 3193 tuis
464 3134 562 3192 litteris
590 3150 656 3191 sum
685 3143 869 3206 commotus;
904 3154 999 3210 neque

55 3234 136 3290 enim
151 3250 251 3290 eorum
272 3233 401 3304 militum,
416 3250 490 3308 quos
510 3249 626 3290 mecum
645 3229 748 3302 habeo,
763 3232 908 3309 voluntate
930 3233 998 3290 satis

55 3331 184 3400 confido,
198 3338 230 3388 ut
246 3330 282 3388 de
302 3331 437 3389 omnibus
451 3330 572 3389 fortunis
586 3330 627 3389 rei
641 3329 772 3406 publicae
790 3330 933 3400 dimicem,
949 3349 999 3388 ne·

55 3448 115 3507 que
136 3429 231 3497 etiam,
246 3429 295 3506 qui
316 3447 353 3488 ex
368 3428 517 3487 dilectibus
537 3427 692 3505 conscripti
712 3436 809 3486 sunta
824 3428 997 3502 consulibus

501 3544 553 3587 xa
