2348 3788
117 211 179 279 252
401 211 440 260 M.
466 205 585 260 rutuli
606 212 793 259 CICERONIS
950 196 1051 281 [rursu.

116 377 184 418 cum
204 359 238 417 iis
260 369 371 419 tantum
394 363 502 436 negotii
522 371 574 432 est,
593 372 625 420 ut
644 371 770 420 vestrum
791 359 868 418 illud.
883 360 1009 418 divinum
1027 359 1053 416 in

116 475 178 514 rem
200 453 344 532 publicam
366 459 540 516 beneficium
561 478 622 517 non
643 460 752 516 nullam
778 459 884 516 habeat
906 458 1053 534 querelam.

117 551 208 624 Quod
228 573 331 612 veroa
352 565 389 626 te,
406 556 466 614 viro
485 558 606 632 optim0,
622 558 758 616 seductus
780 565 822 614 est
843 566 953 631 tuoque
974 557 1054 613 bene·

117 653 183 710 ficio
209 652 302 710 adhuc
327 653 393 710 vivit
417 653 490 711 haec
515 655 613 731 pestis,
636 653 788 723 interdurn,
814 653 895 730 quod
920 653 991 710 mihi
1006 652 1054 733 ⁴virt

116 750 160 807 fas
180 758 230 820 est,
246 750 297 807 tibi
318 751 494 810 subirascor:
516 752 586 808 mihi
606 752 684 809 enim
705 751 814 826 negotii
836 751 902 827 plus
923 750 1055 829 reliquisti

116 847 166 904 uni
187 865 275 921 quam
297 858 410 922 praeter
431 866 479 905 me
502 849 646 906 omnibus,
688 847 729 905 Ut
749 847 826 904 enim
847 847 974 922 primurn
994 856 1056 922 post

116 946 237 1002 Antonii
266 945 469 1004 'foedissimum
503 947 663 1005 discessum
695 955 812 1004 senatus
843 945 945 1004 haberi
975 946 1056 1003 libere

116 1043 218 1119 potuit,
240 1042 278 1100 ad
298 1043 377 1100 illum
398 1044 527 1101 animum
548 1063 647 1101 meum
668 1044 770 1101 reverti
790 1043 953 1118 pristinum,
975 1061 1057 1118 quem

116 1151 148 1197 tu
164 1159 231 1199 cum
245 1140 299 1198 civi
318 1142 467 1215 acerrim0,
482 1152 564 1216 patre
586 1142 644 1210 tuo,
660 1141 690 1198 in
709 1159 759 1199 ore
779 1152 807 1198 et
826 1158 927 1199 amore
948 1159 1058 1216 semper

116 1238 248 1296 habuisti.
304 1257 330 1296 2.
352 1238 431 1296 Nam
459 1257 526 1296 curn
556 1250 688 1296 senatum
717 1258 742 1296 a.
767 1239 795 1297 d.
821 1257 881 1296 xm.
912 1238 1058 1296 Kalendas

117 1337 266 1394 Ianuarias
287 1337 392 1394 tribuni
413 1337 452 1413 pl.
470 1338 651 1394 vocavissent
672 1337 766 1412 deque
788 1336 842 1394 alia
862 1355 893 1394 re
915 1336 1058 1406 referrent,

116 1444 209 1492 totam
235 1453 298 1492 rem
324 1435 471 1510 publicam
498 1452 563 1491 sum
591 1434 760 1509 complexus
789 1433 905 1509 egique
923 1429 1059 1492 acerrime

118 1542 306 1606 senatumque
332 1533 389 1588 iam
412 1531 598 1606 languentem
623 1540 651 1588 et
676 1531 822 1591 defessum
847 1531 885 1590 ad
910 1532 1059 1607 pristinam

117 1630 249 1687 virtutem
271 1629 570 1704 consuetudinemque
585 1631 721 1687 ¹revocavi
743 1630 836 1705 magis
859 1629 950 1688 animi
972 1648 1059 1706 quam

118 1726 226 1801 ingenii
245 1727 359 1786 viribus.
402 1726 461 1784 Hic
480 1727 542 1784 dies
562 1745 686 1803 meaque
707 1727 855 1785 contentio
876 1738 964 1804 atque
987 1727 1059 1785 actio

119 1842 202 1902 spem
223 1824 348 1900 primum
364 1825 478 1900 populo
501 1819 638 1882 Romano
659 1824 749 1882 attulit
769 1824 905 1882 libertatis
928 1843 1060 1900 recuper-

119 1923 211 1981 andae
222 1943 229 1994 ;
251 1942 306 1982 nec
327 1941 395 1981 vero
416 1924 478 1999 ipse
499 1933 600 1998 postea
620 1932 735 1997 tempus
755 1923 845 1979 ullum
865 1922 1009 1980 intermisi
1026 1922 1060 1980 de

119 2041 150 2080 re
183 2021 297 2097 publica
329 2039 390 2079 non
423 2021 570 2097 cogitandi
601 2019 705 2091 solu'm,
739 2020 792 2078 sed
823 2019 910 2078 etiam
945 2021 1058 2095 agendi.

122 2139 148 2194 3.
170 2119 260 2190 Quod
277 2119 331 2178 nisi
352 2137 398 2177 res
418 2120 541 2176 urbanas
564 2126 686 2192 actaque
710 2117 810 2174 omnia
834 2117 872 2175 ad
892 2125 922 2174 te
943 2116 1060 2192 perferri

121 2217 278 2287 arbitrarer,
300 2216 362 2292 ipse
386 2211 603 2292 perscriberem,
625 2232 802 2289 quamquam
823 2232 902 2272 eram
927 2215 1060 2272 maximis

120 2315 358 2390 occupationibus
379 2314 543 2389 impeditus.
587 2311 646 2370 Sed
666 2312 713 2369 illa
734 2328 897 2388 cognosces
919 2329 956 2369 ex
984 2312 1059 2382 aliis;

119 2432 137 2470 a
156 2431 203 2470 me
221 2430 322 2487 pauca,
338 2422 366 2469 et
384 2430 418 2469 ea
437 2410 619 2469 summatim:
640 2409 781 2467 habemus
798 2409 901 2467 sortem
919 2420 1059 2479 senatum,

120 2509 284 2566 consulares
299 2509 403 2583 partim
418 2507 542 2578 timidos,
559 2505 662 2581 partim
677 2507 752 2564 male
768 2506 932 2564 sentientes.
977 2506 1060 2582 Mag·

119 2623 188 2661 num
212 2605 351 2662 damnum
372 2605 481 2663 factum
502 2616 544 2663 est
568 2607 599 2662 in
623 2603 729 2662 Servio.
771 2604 805 2662 L.
821 2603 930 2666 Caesar
951 2606 1060 2680 optime

119 2703 212 2772 sentit,
228 2702 287 2774 sed,
303 2704 382 2779 quod
403 2704 560 2761 avunculus
582 2713 633 2774 est,
650 2722 710 2761 non
732 2703 884 2761 acerrimas
906 2702 976 2761 dicit
987 2722 1060 2785 sen·

119 2800 230 2858 tentias.
273 2799 415 2859 Consules
437 2802 560 2876 egregii3
587 2803 750 2878 praeclarus
771 2801 808 2858 D.
824 2799 930 2858 Brutus
941 2818 950 2872 ;
981 2819 1060 2877 egre-

119 2899 184 2974 gius
205 2914 278 2971 puer
299 2896 414 2968 Caesar,
431 2900 467 2955 de
488 2917 547 2974 quo
569 2917 654 2974 spero
676 2899 811 2974 equidem
831 2897 948 2973 reliqua.
994 2899 1062 2957 Hoc

119 3013 187 3053 vero
207 3006 316 3053 certum
333 2994 447 3065 habeto,
463 2997 517 3053 nisi
537 2996 582 3053 ille
600 3007 750 3054 veteranos
768 2996 895 3054 celeriter
914 2999 1062 3073 conscrip-

121 3095 204 3151 sisset
227 3093 414 3168 legionesque
439 3093 513 3149 duae
536 3093 571 3150 de
594 3094 721 3154 exercitu
743 3093 863 3150 Antonii
886 3093 924 3150 ad
948 3095 1011 3152 eius
1032 3113 1062 3153 se

120 3193 319 3248 auctoritatem
338 3190 527 3247 contulissent
549 3200 634 3265 atque
655 3191 679 3249 is
699 3191 851 3266 oppositus
872 3200 950 3249 esset
970 3201 1063 3250 terror

121 3289 258 3359 Antonio,
279 3288 348 3344 nihil
369 3287 530 3344 Antonium
552 3287 673 3358 sceleriS,
693 3289 764 3344 nihil
783 3287 956 3346 crudelitatis
979 3308 1062 3364 prae·

120 3388 268 3446 tenturum
289 3385 383 3444 luisse.
425 3383 509 3442 Haec
530 3385 590 3456 tibi,
612 3385 664 3442 etsi
690 3385 782 3443 audita
808 3403 871 3444 esse
893 3387 1062 3460 arbitrabar,
