2348 3788
113 214 226 279 np.139,
245 199 314 283 140.]
336 214 449 268 aaran
464 214 513 262 AD
527 212 748 262 rummiens
762 213 796 262 rr.
816 212 865 284 15.
996 199 1058 280 269

112 388 210 445 neque
231 372 360 429 animum
381 390 436 430 nec
458 371 636 446 diligentiam
656 371 727 428 mihi
744 369 919 429 defuturam.
962 368 1059 444 Cupio

113 468 293 526 mehercules
315 469 424 526 nullam
445 470 589 527 residuam
612 468 835 527 sollicitudinem
857 485 920 526 esse
931 485 940 539 ;
963 466 1015 524 sed
1036 468 1060 525 si

110 565 207 636 suerit,
222 585 276 624 nec
296 567 394 624 animo
413 585 467 624 nec
482 567 699 625 benevolentiae
719 584 774 624 nec
788 564 943 641 patientiae
964 565 1059 621 cuius-

114 681 204 739 quam
228 682 282 739 pro
306 665 389 722 vobis
417 664 529 723 cedam.
570 664 619 723 Do
645 665 762 740 quidem
791 681 847 738 ego
875 679 1007 738 operam,
1029 669 1060 717 ut

89 777 92 783 ·
115 763 203 818 etiam
219 760 363 838 Lepidum
378 762 415 819 ad
429 761 513 820 huius
527 763 567 820 rei
582 763 751 820 societatem
765 762 888 832 incitem,
904 759 1060 834 omniaque

116 861 141 917 ei
167 859 309 934 ob‘sequia
331 859 477 934 polliceor,
502 861 525 918 si
548 860 638 918 modo
662 878 724 917 rem
748 858 894 934 publicam
919 856 1060 932 respicere

116 957 201 1014 volet.
243 956 319 1014 Utor
335 957 365 1013 in
380 956 433 1015 hac
454 976 485 1016 re
507 959 684 1017 adiutoribus
704 957 962 1032 interpretibusque
976 954 1061 1011 fratre

116 1072 184 1112 meo
202 1065 231 1112 et
245 1054 403 1112 Laterense
424 1065 452 1113 et
466 1055 574 1114 Furnio
595 1065 703 1113 nostru.
746 1054 816 1112 Non
835 1061 882 1110 me
903 1053 1062 1129 impedient

116 1153 244 1228 privatae
265 1151 451 1222 offensiones
473 1171 531 1228 quo
554 1154 650 1211 minus
672 1170 726 1229 pro
751 1153 791 1209 rei
812 1151 947 1228 publicae
972 1150 1062 1208 salute

117 1250 205 1308 etiam
224 1267 291 1307 cum
305 1249 504 1307 inimicissimo
522 1251 711 1309 consentiam.
754 1249 844 1321 Quod
864 1248 888 1306 si
910 1246 980 1304 nihil
994 1265 1061 1322 pro-

117 1348 223 1417 fecero,
241 1346 332 1405 nihilo
352 1347 448 1404 minus
468 1348 597 1406 maximo
619 1366 684 1406 sum
705 1348 803 1405 animo
825 1355 853 1404 et
874 1346 983 1402 maiore
1004 1344 1061 1402 for-

117 1457 196 1503 tasse
224 1462 291 1501 cum
318 1462 384 1501 mea
410 1443 503 1518 gloria
526 1445 608 1502 vobis
636 1445 705 1502 satis
729 1443 842 1502 faciam.
883 1441 944 1500 Fac
967 1439 1063 1498 valeas

119 1560 226 1618 meque
240 1551 342 1599 mutuo
357 1541 467 1617 diligas.

313 1702 378 1756 140.
421 1696 478 1756 nn
498 1697 752 1757 rnurnrnaus
774 1698 811 1757 x.
836 1711 881 1772 15.

206 1811 271 1872 Scn.
293 1829 324 1868 m
339 1810 570 1880 *Arronroenus
591 1830 685 1870 musa
706 1811 790 1872 Mam
811 1829 895 1872 auc.
918 1823 933 1885 7
959 1827 985 1870 1.

454 1936 580 1978 eunucus
600 1938 740 1978 cremona

111 2071 130 2095 a
167 2053 191 2092 1.
214 2032 271 2091 Hrs
292 2031 390 2090 litteris
412 2031 523 2107 scriptis
539 2050 612 2106 quae
628 2043 731 2109 postea
751 2032 924 2090 accidissent
945 2030 1017 2089 scire
1037 2039 1066 2091 te

122 2132 161 2191 ad
175 2149 237 2189 rem
247 2129 391 2206 publicam
403 2129 500 2204 putavi
511 2129 669 2204 pertinere:
691 2130 826 2188 sedulitas
839 2147 913 2200 mea,
925 2138 957 2187 ut
971 2147 1066 2204 spero,

123 2241 152 2290 et
174 2229 244 2287 mihi
265 2237 294 2287 et
313 2228 355 2286 rei
372 2227 503 2302 publicae
524 2228 587 2284 tulit
608 2227 741 2286 fructum.
783 2228 919 2303 Namque
940 2228 1068 2286 adsiduis

123 2327 305 2386 internuntiis
326 2344 392 2383 cum
407 2324 520 2400 Lepido
543 2325 597 2400 egi,
612 2335 644 2383 ut
658 2327 766 2384 omissa
786 2326 867 2383 omni
881 2326 1067 2384 contentione

124 2423 367 2497 reconciliataque
395 2422 540 2480 voluntate
568 2433 667 2481 nostra
698 2423 846 2480 communi
879 2422 1000 2481 consilio
1028 2425 1069 2482 rei

125 2522 259 2599 publicae
284 2529 470 2589 succurreret,
493 2537 531 2590 se,
554 2519 660 2579 liberos
684 2521 843 2596 urbemque
867 2520 956 2596 pluris
980 2539 1069 2595 quam

125 2638 218 2679 unum
253 2618 397 2694 perditum
432 2617 634 2693 abiectumque
668 2618 810 2676 latronem
837 2627 950 2692 putaret
983 2620 1069 2676 obse·

126 2718 254 2795 quioque
274 2733 351 2784 meo,
366 2715 390 2772 si
404 2714 444 2772 ita
457 2713 573 2785 faceret,
588 2716 626 2773 ad
641 2734 743 2774 omnes
761 2734 806 2774 res
826 2717 996 2776 abuteretur.
1041 2736 1067 2774 2.

127 2814 259 2875 Proieci:
281 2815 377 2888 itaque
396 2831 447 2887 per
462 2812 649 2871 Laterensem
667 2814 873 2871 internuntium
892 2813 979 2872 fidem
1000 2813 1070 2872 mihi

127 2913 208 2971 dedit
222 2929 253 2969 se
268 2909 438 2981 Antonium,
453 2911 476 2968 si
491 2909 642 2985 prohibere
657 2911 805 2986 provincia
820 2929 872 2969 sua
885 2929 945 2969 non
959 2913 1070 2986 potuis·

128 3020 181 3081 set,
195 3008 271 3067 bello
287 3018 512 3082 persecuturum,
527 3026 575 3065 me
589 3018 621 3066 ut
635 3010 761 3066 venirem
776 3010 934 3085 copiasque
949 3010 1070 3067 coniun-

126 3125 229 3184 gerem
242 3105 363 3180 rogavit,
378 3123 471 3180 eoque
485 3106 587 3180 magis,
599 3107 678 3181 quod
693 3115 721 3164 et
732 3107 877 3164 Antonius
891 3107 929 3164 ab
943 3108 1071 3182 equitatu

128 3207 230 3264 lirmus
250 3221 315 3262 esse
337 3203 484 3260 dicebatur
504 3213 533 3260 et
552 3203 679 3278 Lepidus
701 3222 738 3261 ne
759 3204 936 3260 mediocrem
954 3205 1072 3279 quidem

129 3303 289 3376 equitatum
312 3298 453 3370 habebat;
481 3317 550 3356 nam
578 3301 665 3357 etiam
693 3318 729 3358 ex
754 3300 896 3376 paucitate
924 3302 985 3360 eius
1012 3321 1074 3362 non

130 3400 229 3460 multis
258 3408 324 3456 ante
352 3397 453 3454 diebus
482 3397 592 3466 decem,
619 3398 668 3473 qui
695 3397 797 3473 optimi
821 3395 942 3469 lucrant,
966 3400 1003 3458 ad
1026 3419 1073 3458 me
