2356 3810
229 179 261 215 e*

62 243 104 303 sp.
121 227 162 312 9.]
311 200 422 291 rrrsr.
445 238 495 288 Ar>
516 237 680 287 nrrrctrnr
699 237 738 286 rr.
764 241 793 289 1.
964 235 1004 303 25

61 396 157 455 lacere
167 396 246 454 illum
254 397 325 454 mihi
334 416 422 473 quam
432 397 522 474 prosit
531 395 644 467 nescio;
656 394 697 452 rei
706 393 839 470 publicae
850 400 926 450 certe
935 409 1002 467 pro·

62 494 136 551 dest.
158 493 245 565 Quid,
261 496 284 552 si
300 497 387 553 etiam
398 494 562 564 Caesarem,
574 495 654 551 cuius
664 511 741 549 nunc
755 491 832 548 venti
846 490 928 547 valde
938 498 1005 547 sunt

62 592 191 662 secundi,
203 592 295 650 reddo
305 592 462 662 meliorem,
472 610 543 649 num
554 601 667 648 tantum
682 590 788 646 obsum
802 587 843 645 rei
854 587 1004 663 publicae?

64 705 90 761 7.
105 689 186 760 Quin
207 690 301 760 etiam,
318 691 342 747 si
355 689 426 746 mihi
447 707 535 747 nemo
557 688 705 755 invideret,
726 686 750 744 si
771 703 884 756 omnes,
898 694 930 742 ut
945 696 1005 742 erat

62 804 199 861 aequum,
227 786 365 856 faverent,
394 794 493 844 tamen
527 803 598 843 non¹
617 785 714 842 minus
749 793 826 841 esset
853 782 1002 858 probanda

61 885 215 954 medicina,
230 902 305 960 quae
320 893 435 943 sanaret
454 883 570 941 vitiosas
589 892 685 958 partes
705 880 746 938 rei
760 880 901 955 publicae,
916 897 1004 954 quarn

62 1001 138 1059 quae
160 968 316 1042 exsecaret.
357 981 446 1040 Nunc
467 999 545 1050 vero,
568 997 635 1037 cum
663 979 805 1054 equitatus
833 978 888 1048 ille,
917 995 1004 1052 quem

62 1097 120 1154 ego
134 1079 164 1136 in
175 1079 249 1137 clivo
264 1078 428 1155 Capitolino
442 1088 471 1136 te
485 1077 620 1152 signifero
632 1095 666 1134 ac
677 1076 807 1151 principe
823 1075 1004 1145 collocaram,

63 1186 196 1235 senatum
205 1177 371 1246 deseruerit,
381 1177 472 1234 nostri
484 1185 580 1233 autem
589 1173 734 1248 principes
744 1173 834 1247 digito
849 1190 880 1230 se
892 1172 1004 1230 caelum

62 1284 166 1350 putent
186 1275 335 1349 attingere,
357 1275 381 1332 si
403 1274 482 1330 mulli
504 1273 615 1331 barbati
629 1273 660 1328 in
675 1271 794 1346 piscinis
815 1271 879 1341 sint,
896 1271 944 1347 qui
966 1271 1004 1328 ad

62 1366 185 1430 rrianum
200 1371 348 1442 accedant,
364 1370 420 1430 alia
440 1380 537 1429 autem
558 1370 722 1444 neglegant,
744 1387 843 1426 nonne
864 1369 914 1426 tibi
936 1369 1005 1426 satis

63 1470 203 1544 prodesse
216 1469 324 1540 videor,
339 1471 363 1528 si
378 1469 497 1544 perficio
511 1479 543 1527 ut
557 1469 651 1526 nolint
672 1469 776 1525 obesse
798 1468 847 1542 qui
861 1467 1003 1542 possunt?

64 1572 91 1624 8.
113 1585 183 1625 nam
203 1567 347 1626 Catonern
365 1579 497 1625 nostrum
518 1585 580 1624 non
599 1576 631 1623 tu
645 1585 726 1624 amas
740 1565 805 1641 plus
824 1583 913 1641 quam
928 1583 1002 1639 ego;

62 1666 116 1724 sed
130 1677 227 1724 tamen
241 1665 286 1724 ille
301 1666 413 1742 optimo
435 1666 532 1723 animo
553 1674 639 1722 utens
660 1674 689 1722 et
710 1681 825 1722 summa
846 1663 903 1721 fide
917 1673 1003 1720 nocet

62 1764 208 1821 interdum
229 1764 270 1821 rei
290 1764 441 1839 publicae:
470 1763 539 1820 dicit
557 1764 636 1819 enirn
657 1771 805 1838 tamquam
827 1762 857 1818 in
877 1760 1004 1818 Platonis

61 1864 186 1932 πολιτείᾳ,
198 1878 259 1918 non
273 1869 423 1936 tamquam
434 1860 464 1918 in
476 1859 595 1916 Romuli
606 1859 694 1930 faece,
706 1861 887 1918 sententiam.
925 1858 1005 1930 Quid

62 1959 158 2016 verius
172 1976 260 2034 quarn
281 1959 312 2014 in
333 1958 470 2016 iudicium
488 1958 584 2015 venire
606 1958 655 2034 qui
677 1958 716 2015 ob
737 1976 799 2016 rem
820 1956 1004 2014 iudicandam

61 2056 217 2131 pecuniam
232 2057 393 2130 acceperit?
415 2056 525 2113 censuit
546 2054 603 2113 hoc
618 2054 701 2125 Cato,
723 2055 850 2113 adsensit
871 2063 1003 2112 senatus:

61 2153 174 2228 equites
189 2152 282 2210 curiae
293 2153 409 2221 bellum,
421 2169 483 2208 non
497 2152 584 2223 mihi;
606 2171 675 2209 narn
686 2170 742 2226 ego
758 2151 887 2210 dissensi.
924 2148 1003 2220 Quid

61 2250 258 2325 impudentius
277 2249 439 2326 publicanis
456 2250 705 2307 renuntiantibus?
733 2249 785 2307 fuit
807 2259 904 2306 tamen
919 2249 1003 2304 retin-

61 2349 130 2405 endi
153 2347 262 2405 ordinis
286 2366 374 2406 causa
399 2347 535 2404 faciunda
557 2347 684 2406 iactura:
709 2347 811 2405 restitit
833 2356 862 2404 et
886 2346 1004 2422 pervicit

62 2445 138 2502 Cato
149 2463 157 2516 ;
187 2445 283 2520 itaque
308 2455 395 2515 nunc,
424 2445 544 2503 consule
572 2445 741 2504 incarcere
766 2444 887 2514 incluso,
916 2462 1003 2519 saepe

62 2546 133 2601 item
152 2542 295 2600 seditione
318 2552 474 2613 commota,
493 2543 628 2618 aspiravit
646 2560 734 2600 nemo
754 2560 863 2612 eorum,
880 2560 1003 2617 quorum

63 2659 120 2716 ego
143 2657 290 2698 concursu
312 2640 440 2715 itemque
458 2640 477 2697 ii
499 2641 642 2712 consules,
664 2642 713 2717 qui
732 2652 799 2716 post
817 2639 1003 2709 meluerunt,

63 2757 125 2796 rem
153 2738 301 2814 publicam
331 2738 485 2796 defendere
514 2739 653 2796 solebant.
696 2737 775 2809 Quid
803 2739 894 2813 ergo?
924 2739 1004 2808 istos

64 2837 186 2912 inquies,
208 2836 341 2894 mercede
362 2836 524 2894 conductos
545 2835 736 2894 habebimus?
766 2836 835 2912 quid
856 2835 1005 2905 faciemus

64 2934 190 2992 sialiter
209 2950 270 2990 non
291 2934 469 3008 possumus?
491 2951 528 2991 an
546 2933 683 2990 libertinis
704 2945 791 3008 atque
809 2933 896 2991 etiam
918 2935 1005 2991 servis

65 3030 242 3089 serviamus?
285 3030 352 3099 Sed,
376 3040 409 3087 ut
430 3040 461 3088 tu
489 3031 540 3101 ais,
564 3034 622 3088 ἅλις
646 3033 768 3101 σπουδῆς.
810 3051 837 3105 9.
859 3031 1004 3089 Favonius

63 3147 161 3188 meam
175 3128 280 3184 tribum
294 3129 356 3185 tulit
369 3128 518 3186 honestius
533 3146 622 3203 quarn
638 3145 730 3199 suam,
740 3127 857 3186 Lucceii
872 3128 1004 3204 perdidit.

62 3225 219 3299 Accusavit
236 3225 372 3283 Nasicam
394 3225 523 3294 honeste,
544 3244 578 3283 ac
600 3225 721 3283 moleste
743 3235 840 3283 tamen
862 3226 941 3295 dixit,
966 3226 1005 3284 ita

62 3334 96 3382 ut
120 3323 218 3380 Rhodi
242 3323 383 3380 videretur
404 3321 489 3379 molis
511 3323 607 3396 potius
631 3341 719 3398 quam
745 3322 860 3381 Moloni
883 3341 1004 3399 operam

63 3421 199 3496 dedisse;
234 3421 313 3492 mihi,
346 3422 425 3499 quod
460 3419 665 3494 defendissem,
697 3422 795 3482 leviter
829 3423 1003 3484 succensuit.
