2348 3788
185 196 248 260 234
462 193 500 242 rr.
526 192 646 241 ronan
667 192 855 242 crearemus
1013 181 1082 264 [aaa
1096 196 1125 244 u.

183 353 383 404 remanserunt
409 343 440 402 in
472 345 592 404 civitate.
636 343 752 404 Civibus
779 344 860 403 victis
887 352 919 402 ut
952 354 1124 420 parceretur,

183 459 274 516 aeque
289 461 323 500 ac
339 460 391 517 pro
406 459 471 498 mea
490 443 580 500 salute
595 443 729 501 laboravi
774 461 801 516 3.
821 441 946 500 Possum
965 443 1063 516 igitur,
1078 444 1125 518 qui

183 557 286 598 omnes
300 540 438 596 voluerim
452 541 622 610 incolumes,
637 558 712 610 eum,
724 559 741 598 a
755 558 815 616 quo
828 540 859 598 id
872 540 1060 614 impetratum
1075 554 1125 609 est,

184 639 292 710 perisse
311 655 371 694 non
386 638 551 712 indignari?
573 657 640 696 cum
654 639 822 713 praesertim
841 637 918 695 idem
932 637 1070 696 homines
1089 640 1125 696 illi

183 742 212 791 et
234 735 355 792 invidiae
381 744 410 792 et
431 735 519 793 exitio
541 735 653 794 suerint.
695 730 851 793 ‘Plecteris
873 735 962 810 erg0,'
993 736 1126 811 inquiunt

183 833 339 907 ‘quoniam
359 833 466 890 factum
487 843 619 891 nostrum
639 833 803 908 improbare
825 831 933 891 audes?
975 831 1004 893 0
1025 853 1127 910 super,

182 929 261 985 biam
281 930 447 1001 inauditam,
463 931 535 988 alios
554 932 584 988 in
601 931 729 990 facinore
746 930 870 1008 gloriari,
885 931 946 989 aliis
967 949 1006 990 ne
1028 933 1126 991 dolere

183 1028 301 1103 quidem
325 1029 465 1105 impunite
493 1030 595 1088 licerel
628 1039 658 1087 at
685 1030 758 1088 haec
785 1030 872 1087 etiam
896 1030 986 1088 servis
1011 1048 1125 1108 semper

181 1125 270 1184 libera
285 1127 407 1199 fuerunt,
422 1134 455 1185 ut
470 1128 611 1198 timerent,
625 1128 794 1203 gauderent,
809 1127 939 1186 dolerent
959 1146 1014 1187 suo
1028 1131 1125 1206 potius

182 1241 270 1298 quam
286 1225 399 1284 alterius
413 1227 545 1297 arbitrio;
567 1244 642 1301 quae
656 1243 743 1295 nunc,
757 1235 789 1282 ut
803 1225 921 1300 quidem
934 1225 982 1282 isti
997 1226 1125 1286 dictitant

183 1321 319 1381 libertatis
333 1333 473 1394 auctores
488 1333 568 1382 metu
582 1324 668 1382 nobis
682 1306 853 1398 extorquere
872 1332 1025 1383 conantur.
1070 1325 1124 1383 Sed

182 1420 251 1476 nihil
276 1431 373 1495 agunt.
416 1440 442 1494 4.
464 1421 578 1480 Nullius
600 1438 740 1497 umquam
765 1419 883 1495 periculi
907 1422 1066 1481 terroribus
1090 1424 1124 1480 ab

181 1517 277 1576 officio
306 1528 355 1576 aut
383 1520 420 1576 ab
442 1519 620 1578 humanitate
648 1512 825 1590 desciscam;
858 1536 1019 1593 numquam
1049 1522 1124 1578 enim

181 1613 334 1672 honestam
356 1625 480 1672 mortem
505 1614 682 1690 fugiendam,
707 1632 794 1690 saepe
818 1615 904 1672 etiarn
925 1618 1123 1691 oppetendam

181 1713 286 1787 putavi.
330 1711 389 1770 Sed
403 1712 473 1788 quid
487 1713 557 1770 mihi
571 1723 752 1782 succensent,
765 1714 788 1771 si
799 1714 828 1771 id
843 1723 923 1789 opto,
934 1724 966 1771 ut
980 1719 1124 1791 paeniteat

181 1828 233 1867 eos
251 1811 295 1867 sui
309 1809 395 1869 iacti?
417 1811 503 1886 cupio
522 1812 600 1869 enirn
615 1810 747 1870 Caesaris
766 1821 890 1869 mortem
904 1814 1044 1872 omnibus
1063 1832 1124 1874 esse

182 1909 322 1965 acerbam.
366 1900 423 1965 ‘At
437 1909 530 1967 debeo
544 1927 598 1984 pro
620 1909 693 1967 civili
712 1919 792 1984 parte
813 1927 875 1967 rem
892 1900 1041 1986 publicam
1056 1913 1123 1971 velle

182 2003 309 2064 salvam!
351 2006 386 2064 Id
401 2007 518 2081 quidem
539 2025 587 2064 me
608 2026 722 2083 cupere,
737 2007 792 2065 nisi
811 2017 839 2066 et
853 2017 918 2066 ante
940 2018 1006 2066 acta
1019 2012 1079 2069 vita
1098 2019 1123 2068 et

182 2105 291 2180 reliqua
304 2122 370 2160 mea
384 2122 451 2179 spes
470 2113 583 2161 tacente
601 2123 648 2162 me
663 2106 775 2180 probat,
787 2105 915 2163 dicendo
929 2106 1046 2166 vincere
1065 2126 1123 2166 non

182 2203 307 2277 postulo
351 2215 376 2274 5.
399 2201 511 2272 Quare
529 2203 669 2261 maiorem
683 2203 713 2259 in
732 2203 854 2260 modum
872 2212 901 2261 te
919 2216 1051 2279 rogo,ut
1065 2227 1122 2266 rem

181 2301 324 2375 potiorem
339 2299 468 2356 oratione
482 2299 572 2358 ducas
590 2299 727 2375 mihique,
742 2301 766 2358 si
785 2301 873 2359 sentis
891 2302 1029 2376 expedire
1048 2315 1122 2362 recte

180 2398 249 2468 fieri,
271 2397 371 2455 credas
398 2397 507 2455 nullam
534 2400 771 2457 communionem
799 2417 865 2457 cum
890 2400 1031 2474 improbis
1061 2421 1121 2461 esse

180 2512 275 2568 posse.
317 2495 375 2563 An,
390 2494 472 2568 quod
492 2494 663 2552 adulescens
683 2497 820 2571 praestiti,
834 2515 901 2554 cum
922 2499 1007 2556 etiam
1030 2520 1121 2560 errare

180 2608 247 2646 cum
276 2591 462 2648 excusatione
490 2609 617 2666 possem,
641 2592 670 2650 id
698 2611 785 2664 nunc,
808 2604 900 2651 aetate
927 2596 1120 2672 praecipitata,

180 2697 357 2744 commutem
382 2705 417 2745 ac
441 2705 489 2744 me
513 2688 576 2763 ipse
602 2690 753 2747 retexam?
794 2689 865 2748 Non
889 2690 1002 2762 faciam,
1026 2712 1121 2772 neque

180 2783 261 2857 quod
286 2784 434 2860 displiceat
458 2786 646 2857 committam,
668 2796 868 2868 praeterquam
891 2789 971 2863 quod
995 2789 1121 2852 hominis

180 2881 249 2938 mihi
283 2883 510 2940 coniunctissimi
538 2903 571 2942 ac
599 2885 650 2941 viri
678 2885 846 2960 amplissimi
881 2886 967 2944 doleo
1003 2907 1121 2964 gravem

180 2996 289 3035 casum.
332 2977 421 3049 Quod
440 2981 464 3037 si
485 2981 565 3038 aliter
579 2999 673 3039 essem
694 2983 845 3054 animatus,
861 3001 1020 3060 numquam
1041 2991 1121 3063 quod

180 3077 304 3134 lacerem
318 3095 465 3152 negarem,
480 3097 518 3136 ne
533 3089 561 3135 et
575 3079 605 3135 in
619 3080 769 3155 peccando
784 3080 934 3156 improbus
948 3092 977 3140 et
991 3085 1021 3141 in
1037 3087 1120 3146 dissi·

179 3174 318 3232 mulando
329 3174 445 3232 timidus
459 3193 493 3233 ac
504 3193 594 3233 vanus
609 3177 793 3235 existimarer.
832 3180 861 3237 6.
876 3180 931 3236 ‘At
941 3180 1034 3254 ludos,
1046 3203 1119 3260 quos

179 3272 313 3330 Caesaris
326 3273 459 3331 victoriae
480 3271 587 3332 Caesar
606 3274 775 3333 adulescens
793 3275 866 3342 fecit,
882 3275 994 3336 curavi!
1036 3283 1077 3340 At
1090 3283 1119 3340 id

178 3369 215 3426 ad
229 3370 372 3445 privatum
386 3370 520 3427 officium.
532 3389 591 3428 nou
608 3372 643 3428 ad
660 3381 764 3418 statum
781 3375 819 3418 rei
832 3373 963 3426 publicae
978 3379 1116 3452 pertinet;
