2356 3810
133 219 170 284 18
384 225 423 278 ur.
447 224 567 274 aurun
588 221 775 272 crounoura
935 208 938 214 '
963 203 1034 294 [rats
1048 221 1065 270 t.

128 384 331 458 commoverit3
370 401 495 460 quorum
523 380 643 441 Catulus
671 399 738 441 cum
765 379 882 439 vidisset
910 377 1066 457 quendam,

129 485 218 561 ‘quid
231 482 302 542 vos’
325 482 416 557 inquit
437 479 631 556 ‘praesidium
645 496 663 536 a
683 478 769 537 nobis
789 477 1004 554 postulabatis?
1032 493 1066 534 an

128 603 165 642 ne
179 581 291 640 nummi
305 579 386 638 vobis
401 579 577 653 eriperentur
600 571 770 655 [timebatis]
783 575 811 633 l’
854 576 881 633 6.
910 573 1024 646 Habes,
1038 583 1066 630 ut

128 677 294 737 brevissime
320 675 410 752 potui,
438 691 532 751 genus
555 673 651 731 iudicii
675 683 704 731 et
727 690 846 732 causam
868 671 1067 731 absolutionis.

128 775 251 847 Quaeris
266 775 410 848 deinceps,
425 771 475 848 qui
488 788 567 828 nunc
588 771 624 828 sit
638 779 728 828 status
742 787 837 828 rerum
858 770 952 845 etqui
967 785 1065 826 meus:

127 874 168 932 rei
182 872 313 948 publicae
337 879 443 928 statum
470 867 558 938 illum,
587 886 675 944 quem
703 878 734 926 tu
760 884 829 925 meo
854 867 987 937 consilio,
1013 883 1067 941 ego

128 967 224 1024 divino
252 963 454 1022 confirmatum
488 961 635 1037 putabam,
670 962 720 1037 qui
755 962 900 1019 bonorum
936 959 1067 1018 omnium

128 1062 331 1121 coniunctione
346 1071 374 1119 et
388 1059 556 1120 auctoritate
570 1058 736 1116 consulatus
754 1058 812 1114 mei
827 1057 901 1114 fixus
923 1067 952 1116 et
966 1056 1067 1116 funda·

128 1170 173 1217 tus
188 1159 344 1229 videbatur,
359 1159 414 1216 nisi
428 1158 493 1234 quis
507 1174 563 1214 nos
585 1156 656 1214 deus
670 1155 834 1232 respexerit,
849 1155 983 1230 elapsum
997 1156 1067 1213 scito

129 1274 192 1315 esse
212 1256 247 1314 de
265 1256 399 1314 manibus
413 1272 473 1313 uno
486 1253 544 1313 hoc
558 1253 674 1324 iudici0,
689 1252 713 1311 si
727 1253 864 1312 iudicium
885 1262 938 1324 est,
953 1253 1068 1328 triginta

129 1352 262 1412 homines
275 1353 376 1429 populi
392 1351 519 1410 Romani
537 1351 698 1410 levissimos
717 1368 751 1410 ac
771 1350 966 1426 nequissimos
985 1368 1068 1408 num-

129 1452 214 1509 mulis
229 1452 356 1529 acceptis
370 1451 414 1508 ius
428 1448 520 1507 aclas
534 1466 621 1508 omne
636 1449 730 1507 delere
744 1458 780 1520 et,
795 1449 874 1524 quod
888 1465 996 1506 omncs
1010 1465 1068 1506 non

129 1548 219 1607 modo
234 1548 375 1618 homines,
389 1565 489 1605 verum
510 1548 597 1605 etiarn
610 1547 737 1623 pecudes
752 1546 859 1605 lactum
880 1564 945 1604 esse
968 1546 1067 1615 sciant,

130 1646 160 1703 id
184 1645 330 1704 Thalnam
353 1655 382 1703 et
404 1643 537 1702 Plautum
559 1655 588 1703 et
614 1644 775 1720 Spongiam
796 1653 826 1702 et
849 1657 961 1704 ceteras
984 1645 1068 1703 huius

130 1743 211 1801 modi
225 1742 392 1818 quisquilias
408 1750 532 1799 statuere
545 1759 705 1817 numquam
720 1759 784 1800 esse
798 1741 906 1799 factum
958 1818 961 1823 1
982 1785 989 1800 .
1013 1741 1069 1801 Sed

130 1851 237 1910 tamen,
252 1849 284 1897 ut
297 1849 325 1897 te
340 1838 377 1896 de
391 1857 422 1896 re
441 1838 556 1914 publica
570 1839 713 1909 consoler,
728 1856 789 1897 non
809 1839 857 1910 ita,
871 1849 903 1896 ut
917 1852 1069 1914 sperarunt

130 1937 207 2008 mali,
222 1947 302 1995 tanto
323 1937 460 2012 imposito
481 1937 522 1994 rei
541 1936 673 2014 publicae
687 1936 801 1995 volnere
823 1936 924 1995 alacris
945 1937 1069 2002 exsultat

131 2036 298 2111 improbitas
323 2035 353 2092 in
375 2034 493 2093 victoria
500 2053 508 2105 3
541 2052 610 2091 nam
634 2034 720 2111 plane
742 2035 782 2093 ita
802 2045 981 2110 putaverunt,
1003 2053 1069 2096 cum

131 2134 239 2208 religi0‚
255 2149 322 2192 curn
337 2132 482 2208 pudicitia,
497 2150 564 2191 cum
584 2132 755 2191 iudiciorum
774 2132 854 2203 fides,
870 2151 937 2191 cum
952 2145 1070 2194 senatus

133 2231 286 2289 auctoritas
308 2230 491 2301 concidisset,
513 2229 574 2288 lore
595 2240 627 2288 ut
647 2240 745 2305 aperte
766 2230 865 2289 victrix
886 2231 1016 2306 nequitia
1037 2250 1069 2291 ac

133 2327 221 2385 libido
235 2346 346 2402 poenas
361 2329 397 2385 ab
412 2329 524 2403 optimo
538 2345 655 2404 quoque
669 2338 780 2404 peteret
793 2328 837 2387 sui
851 2312 967 2399 doloris,
983 2347 1070 2406 quem

90 2485 92 2489 ,
133 2425 349 2499 improbissimo
369 2426 472 2500 cuique
495 2426 637 2484 inusserat
655 2426 790 2485 severitas
812 2426 981 2485 consulatus
1005 2427 1070 2485 mei.

101 2535 109 2541 ·
136 2525 163 2581 8.
205 2520 288 2580 Idem
323 2538 379 2597 ego
410 2522 558 2580 ille—non
586 2524 664 2581 enim
691 2523 761 2582 mihi
787 2524 887 2584 videor
912 2525 1071 2583 insolenter

134 2619 257 2697 gloriari,
280 2637 348 2677 cum
373 2619 409 2677 de
433 2637 481 2677 me
505 2620 584 2696 apud
608 2631 636 2679 te
658 2621 772 2696 loquor,
791 2621 822 2679 in
846 2639 881 2680 ea
902 2623 1070 2698 praesertim

135 2719 265 2794 epistola,
277 2735 365 2793 quam
379 2717 449 2776 nolo
464 2717 526 2776 aliis
540 2718 723 2794 legi-idem,
735 2719 864 2796 inquam,
874 2736 932 2795 ego
945 2721 1071 2780 recreavi

135 2815 267 2874 adflictos
289 2815 403 2874 animos
426 2816 578 2887 bonorum,
602 2834 694 2874 unum
719 2834 863 2893 quemque
886 2815 1071 2888 confirmans,

136 2914 283 2984 excitans;
321 2912 497 2972 insectandis
524 2931 593 2972 vero
629 2914 868 2990 exagitandisque
903 2914 1072 2976 nummariis

136 3012 278 3072 iudicibus
299 3029 417 3070 omnem
434 3011 571 3094 omnibus
593 3006 729 3070 studiosis
750 3030 784 3070 ac
806 3011 975 3084 fautoribus,
999 3013 1073 3072 illius

95 3133 100 3143 =
136 3109 270 3168 victoriae
290 3110 433 3183 παρρησίαν
449 3093 548 3184 e'ri'pui,
563 3107 700 3167 Pisonem
722 3109 872 3169 consulem
892 3109 971 3168 nulla
991 3109 1022 3168 in
1042 3128 1073 3169 re

138 3208 294 3267 consistere
316 3224 455 3283 umquam
478 3223 543 3264 sum
565 3224 677 3282 passus,
692 3206 869 3281 desponsam
889 3205 1003 3264 homini
1015 3208 1074 3267 iam

139 3307 250 3382 Syriam
274 3303 378 3374 ademi,
403 3314 536 3363 senatum
560 3303 598 3362 ad
616 3304 765 3380 pristinam
790 3321 873 3362 suam
893 3305 1074 3364 severitatem

1 3459 18 3486 ,¹
38 3401 68 3493 ,3
96 3433 104 3473 t
140 3404 270 3463 revocavi
292 3413 379 3478 atque
403 3402 546 3462 abiectum
571 3402 701 3474 excitavi,
728 3400 864 3461 Clodium
892 3413 1074 3482 praesentem
