2356 3810
147 224 208 287 124
409 217 448 266 Μ.
474 216 594 264 rurzrr
614 217 802 265 eternorum
967 202 1034 287 [ears
1048 218 1081 266 11.

143 371 328 451 prminciam,
349 377 406 440 aut,
417 357 452 428 'si
472 389 524 446 per
543 371 674 429 tribunos
688 371 733 447 pl.
751 389 812 429 non
831 370 962 447 patiatur,
978 381 1081 430 tamen

144 474 280 551 quiescat,
305 486 366 526 rem
393 468 497 526 adduci
525 469 563 526 ad
589 469 793 544 interregnum,
818 479 874 540 aut,
900 470 924 527 si
949 471 988 528 ob
1015 488 1082 528 eam

145 586 269 638 causam,
282 565 361 642 quod
374 565 446 623 ratio
461 565 522 622 eius
539 582 601 622 non
615 565 762 636 habeatur,
777 567 933 624 exercitum
947 566 1081 637 adducat,

144 668 231 727 armis
255 681 323 722 cum
349 677 386 720 eo
414 661 598 728 contendere,
621 662 701 719 illurn
729 671 826 720 autem
850 663 962 720 initium
986 663 1082 722 facere

145 779 291 824 armorrun
310 769 362 817 aut
386 758 482 816 statim
502 759 588 816 nobis
609 759 705 817 minus
724 761 832 835 paratis
853 770 901 835 aut
921 771 991 832 turn,
1013 780 1082 820 cum

145 861 277 929 comitiis
292 856 391 915 amicis
409 856 470 914 eins
484 857 703 932 postulantibus,
718 868 749 916 ut
768 876 784 916 e
801 858 868 934 lege
886 859 959 917 ratio
972 859 1082 918 habea·

145 972 199 1030 tur,
218 958 403 1033 impetratum
429 971 490 1010 non
514 953 558 1024 sit,
580 953 620 1011 ire
643 964 740 1012 autem
764 955 802 1014 ad
826 974 906 1014 arma
933 967 981 1015 aut
1005 957 1082 1017 hanc

145 1077 234 1119 unam
256 1057 296 1114 ob
320 1072 445 1123 causam,
465 1053 548 1129 qnod
568 1053 641 1110 ratio
665 1071 727 1111 non
748 1054 894 1126 habeatur,
916 1066 966 1114 aut
985 1057 1084 1116 addita

147 1172 241 1224 causa,
256 1154 280 1212 si
289 1152 366 1211 ‘forte
386 1152 515 1209 tribunus
534 1149 572 1225 pl.
589 1159 720 1209 senatum
741 1152 902 1228 impediens
922 1164 971 1212 aut
988 1172 1083 1231 popu-

88 1317 92 1325 ,
146 1254 206 1312 ium
219 1251 341 1308 incitans
360 1256 476 1306 notatus
495 1257 545 1305 aut
564 1258 680 1306 senatus
700 1250 832 1309 consulto
851 1251 1084 1329 circumscriptus

147 1360 196 1409 aut
216 1348 346 1407 sublatus
367 1356 415 1403 aut
436 1345 571 1421 expulsus
595 1345 632 1403 sit
654 1345 788 1404 dicensve
813 1365 845 1405 se
869 1350 1022 1424 expulsum
1046 1353 1085 1410 ad

147 1448 226 1505 illurn
251 1443 422 1519 confugerit,
444 1453 580 1518 suscepto
605 1451 702 1500 autem
726 1443 801 1502 bello
826 1455 875 1504 aut
898 1448 1025 1507 tenenda
1048 1451 1086 1510 sit

147 1547 216 1603 urbs
231 1543 280 1602 au't
297 1559 333 1599 ea
349 1540 447 1598 relicta
465 1539 511 1597 ille
528 1550 694 1597 commeatu
712 1549 741 1599 et
758 1542 874 1618 reliquis
890 1545 985 1620 copiis
999 1547 1086 1605 inter-

149 1636 436 1714 cludendos-quod
450 1637 554 1693 horum
568 1636 720 1709 malorum,
735 1656 860 1714 quorum
874 1639 991 1716 aiiquod
1010 1655 1087 1705 certe

149 1737 332 1799 subeundum
353 1743 404 1805 est,
423 1734 575 1792 minimum
596 1744 695 1809 putes:
718 1755 743 1810 3.
769 1736 848 1795 dices
869 1738 999 1814 profecto
1021 1761 1087 1818 per·

150 1835 264 1896 suaderi
284 1832 331 1901 illi,
352 1841 384 1889 ut
403 1830 498 1888 tradat
519 1832 677 1889 exercitum
698 1840 727 1890 et
747 1833 787 1891 ita
811 1836 913 1893 consul
934 1836 992 1894 fiat.
1035 1838 1088 1899 Est

150 1934 270 1992 omnino
284 1931 314 1988 id
328 1930 390 1987 eius
409 1928 499 1999 modi,
513 1937 553 1999 ut,
569 1929 593 1988 si
612 1929 657 1987 ille
677 1947 713 1988 eo
733 1931 897 1998 descendat,
912 1944 1013 1992 contra
1031 1937 1088 1996 dici

150 2032 220 2095 nihil
234 2029 333 2107 possit,
348 2027 435 2103 idque
455 2044 530 2097 eum,
546 2027 570 2085 si
589 2044 650 2084 non
664 2028 801 2099 obtineat,
816 2039 848 2087 ut
863 2031 936 2089 ratio
951 2032 1090 2093 habeatur

150 2127 297 2188 retinentis
317 2125 483 2195 exercitum,
505 2142 566 2182 non
588 2123 682 2183 facere
703 2125 806 2198 mirer3
826 2128 913 2185 nobis
934 2139 1038 2201 autem,
1057 2142 1090 2192 ut

151 2227 269 2304 quidam
283 2231 393 2300 putant,
408 2221 479 2279 nihil
494 2231 538 2280 est
555 2221 717 2280 timendum
731 2224 825 2299 magis
846 2242 935 2301 quam
951 2226 997 2285 ille
1019 2247 1089 2287 con-

152 2325 204 2383 sul.
244 2323 298 2380 ‘At
311 2321 352 2379 sic
366 2318 459 2378 maio'
482 2321 594 2395 inquies
615 2325 719 2396 ‘quam
734 2338 801 2378 curn
815 2322 961 2381 exercitu!
995 2324 1097 2387 Certe.⁴

43 2451 47 2459 ·
153 2420 211 2480 Sed
235 2419 311 2479 istud
335 2419 440 2494 ipsum,
465 2417 540 2483 dico,
564 2435 705 2492 magnum
732 2417 842 2475 malum
869 2429 951 2495 putat
978 2423 1090 2500 aliquis,

152 2536 247 2594 neque
271 2517 301 2574 ei
328 2515 488 2573 remedium
516 2524 559 2572 est
582 2514 680 2573 ullum
723 2513 914 2574 ‘Cedendum
937 2528 990 2589 est,
1012 2523 1037 2578 si
1060 2523 1091 2581 id

153 2614 246 2675 volet!
287 2612 363 2670 Vide
382 2611 532 2671 consulem
551 2611 630 2670 illum
647 2612 757 2683 iterum,
772 2632 860 2690 quem
874 2616 966 2674 vidisti
984 2635 1091 2676 consu·

153 2716 213 2774 latu
238 2713 343 2788 priore.
386 2710 442 2768 ‘At
469 2718 531 2767 tum
558 2710 719 2769 imbecillus
747 2711 828 2786 pius'
863 2712 955 2788 inquit
988 2716 1093 2775 ‘valuit

155 2829 243 2889 quarn
257 2819 318 2867 tota
331 2826 376 2866 res
390 2806 524 2883 publica!
564 2806 646 2879 Quid
660 2826 738 2866 nunc
749 2810 859 2884 putas?
880 2819 909 2868 et
922 2828 958 2869 eo
973 2815 1094 2874 consule

155 2909 297 2983 Pompeio
312 2916 421 2965 certum
434 2915 478 2963 est
492 2923 557 2964 esse
577 2905 607 2963 in
619 2905 773 2982 Hispania.
816 2905 845 2965 Ο
863 2925 925 2965 rem
941 2910 1093 2971 miseram!

156 3007 181 3065 si
203 3005 321 3081 quidem
341 3003 371 3061 id
392 3003 488 3079 ipsum
509 3003 693 3062 deterrimum
714 3014 765 3074 est,
787 3004 868 3080 quod
887 3009 1013 3065 recusari
1034 3027 1095 3068 non

156 3112 261 3181 potest,
278 3111 307 3159 et
331 3101 412 3176 quod
436 3100 482 3158 ille
506 3102 530 3160 si
555 3101 647 3171 saciat,
671 3101 788 3160 iamiam
809 3120 829 3158 a
851 3102 935 3162 bouis
960 3106 1096 3165 omnibus

157 3217 302 3260 summam
330 3199 407 3257 ineat
431 3199 561 3275 gratiam.
605 3217 631 3271 4.
654 3198 805 3258 Tollamus
832 3200 917 3275 igitur
941 3200 1007 3274 hoc,
1036 3221 1097 3278 quo

158 3299 238 3357 illum
256 3315 344 3373 posse
361 3297 465 3355 adduci
484 3307 612 3374 negant:
635 3298 671 3356 de
688 3297 804 3374 reliquis
825 3298 896 3373 quid
917 3308 961 3357 est
981 3300 1098 3359 deterri·

159 3397 260 3456 mum?
279 3395 441 3456 concedere
455 3396 502 3468 illi,
517 3396 604 3473 quod,
618 3405 650 3455 ut
665 3396 742 3454 idem
758 3397 835 3467 dicit,
849 3397 1098 3474 impudentissime
