2348 3788
112 185 434 268 sp.127,12a.]sr²rsr.
449 195 498 244 AD
513 196 736 254 rammasse
749 197 813 246 ΧΗ.
829 195 861 266 5.
993 199 1011 246 2
1016 195 1031 263 ς
1036 201 1055 266 3

111 346 190 404 volui
214 357 313 408 tamen
340 347 455 406 notiora
482 365 555 407 esse.
596 346 683 405 Plura
711 347 844 418 scribam,
868 345 892 404 si
916 343 981 422 plus
1006 344 1057 403 otii

112 445 252 507 habuero·

297 605 364 662 128.
406 601 463 660 AD
484 601 735 660 FAMILIARES
756 601 825 661 XII.
848 613 874 676 5.

236 715 304 777 Scn.
327 717 436 776 Rouas
457 735 551 775 smusrr
571 717 742 776 Fuanunruo
761 733 846 777 nuc.
868 728 883 790 7
910 731 935 775 1.

436 841 538 882 crcnno
559 841 653 882 cnssro
673 841 733 881 sur„

158 957 183 998 1.
205 937 333 996 Hruuurr
354 937 441 996 credo
460 937 554 995 adhuc
573 937 763 1012 prohibuisse,
781 955 839 1012 quo
856 934 1009 995 minusde
1030 944 1059 993 te

115 1049 227 1095 certum
252 1035 432 1105 haberemus,
458 1035 528 1109 quid
553 1053 653 1110 ageres
678 1035 861 1109 maximeque
885 1035 935 1091 ubi
963 1050 1058 1102 esses;

115 1134 309 1210 loquebantur
337 1150 439 1190 omnes
467 1132 712 1202 tamen—credo
738 1132 818 1207 quod
845 1131 1060 1190 volebant-in

118 1231 200 1307 Syria
220 1240 249 1288 te
268 1248 341 1300 esse,
361 1230 468 1287 habere
489 1230 597 1305 copias.
640 1229 675 1286 Id
696 1239 792 1287 autem
813 1247 850 1287 eo
869 1226 979 1288 facilius
999 1247 1060 1287 cre·

118 1329 248 1399 debatur,
283 1328 352 1403 quia
386 1326 478 1384 simile
512 1328 570 1384 veri
604 1326 760 1384 videbatur.
802 1325 908 1384 Brutus
943 1326 1060 1402 quidem

117 1436 217 1485 noster
234 1425 380 1502 egregiam
398 1425 514 1482 laudem
534 1435 577 1482 est
597 1435 785 1494 consecutus;
808 1442 854 1482 res
871 1425 949 1481 enim
966 1434 1061 1482 tantas

117 1523 208 1599 gessit
235 1532 351 1597 tamque
379 1521 552 1596 inopinatas
582 1531 614 1578 ut
641 1540 693 1579 eae
721 1540 788 1578 cum
818 1540 871 1597 per
900 1539 932 1580 se
963 1531 1061 1596 gratae

118 1629 224 1690 essent,
245 1629 307 1676 tum
328 1620 489 1676 ornatiores
509 1628 628 1694 propter
649 1619 833 1678 celeritatem.
876 1618 965 1691 Quod
986 1620 1010 1677 si
1030 1629 1062 1676 tu
1110 1693 1113 1700 ι

118 1739 155 1778 ea
175 1731 266 1789 tenes,
282 1736 357 1794 quae
378 1726 522 1793 putamuS,
540 1719 655 1794 magnis
676 1719 810 1776 subsidiis
831 1718 902 1777 fulta
921 1737 968 1778 res
988 1721 1062 1794 pub-

118 1820 174 1877 lica
194 1826 239 1874 est
246 1835 254 1888 ;
276 1833 295 1874 a
318 1815 412 1890 prima
434 1815 585 1873 enimiora
606 1814 746 1873 Graeciae
770 1834 863 1892 usque
886 1817 923 1874 ad
943 1818 1062 1892 Aegyp-

118 1925 182 1973 tum
197 1914 375 1990 optimorum
393 1903 497 1968 ciuium
516 1913 642 1986 imperiis
661 1913 763 1970 muniti
782 1913 887 1971 erimus
907 1924 935 1972 et
955 1915 1075 1989 copiis:-

122 2033 148 2071 a.
169 2029 356 2088 quamquam,
379 2010 434 2068 nisi
458 2028 506 2068 me
530 2009 653 2078 fallebat,
677 2028 777 2068 resse
805 2012 845 2068 sic
873 2011 1006 2081 habebat,
1031 2023 1063 2070 ut

118 2110 209 2170 totius
227 2109 294 2166 belli
314 2125 402 2166 omne
422 2108 575 2165 discrimen
596 2107 625 2164 in
646 2107 683 2165 D.
699 2107 789 2166 Bruto
811 2109 938 2184 positum
955 2109 1064 2166 videre-

118 2219 175 2277 tur,
198 2206 299 2282 quisi,
321 2214 353 2262 ut
374 2205 571 2281 sperabamus,
593 2206 734 2280 erupisset
758 2205 880 2276 Mutina,
903 2206 973 2264 nihil
997 2208 1064 2266 belli

119 2305 265 2378 reliquum
299 2302 361 2360 iore
393 2302 550 2360 videbatur.
591 2301 689 2360 Parvis
724 2304 844 2361 omnino
879 2303 937 2361 iam
972 2307 1064 2382 copiis

120 2401 317 2470 obsidebatur,
342 2399 423 2475 quod
451 2417 559 2474 magno
584 2400 727 2475 praesidio
755 2399 921 2459 Bononiam
948 2404 1065 2462 tenebat

120 2499 277 2559 Antonius.
319 2496 390 2555 Erat
423 2507 520 2555 autem
555 2496 707 2556 Claternae
742 2507 840 2556 noster
875 2498 995 2572 Hirtius,
1027 2503 1066 2560 ad

121 2599 231 2656 Forum
252 2595 419 2655 Cornelium
441 2593 558 2666 Caesar,
580 2607 698 2671 uterque
724 2614 791 2654 cum
815 2596 899 2655 firmo
922 2600 1064 2674 exercitu3

120 2711 303 2770 magnasque
323 2692 436 2750 Romae
456 2691 553 2751 Pansa
571 2694 671 2769 copias
691 2712 727 2752 ex
746 2694 852 2752 dilectu
871 2695 970 2754 Italiae
985 2715 1066 2756 com·

122 2801 214 2870 parat.
255 2790 360 2848 Hiems
395 2788 490 2847 adhuc
524 2809 585 2848 rem
619 2791 680 2866 geri
714 2790 907 2866 prohibuerat.
953 2793 1069 2854 Hirtius

122 2891 194 2949 nihil
217 2889 272 2948 nisi
298 2889 486 2957 considerate,
511 2898 543 2946 ut
567 2889 637 2946 mihi
662 2891 769 2948 crebris
793 2890 891 2950 litteris
917 2894 1065 2969 significat,

123 2999 240 3048 acturus
262 2987 419 3044 videbatur.
461 2985 577 3045 Praeter
604 2986 779 3061 Bononiam,
801 2987 927 3066 Regium
952 2990 1065 3067 Lepidi,

123 3086 268 3153 Parmam,
292 3094 383 3142 totam
409 3082 533 3142 Galliam
561 3085 729 3144 tenebamus
757 3087 997 3146 studiosissimam
1025 3091 1067 3147 rei

123 3182 274 3260 publicae;
309 3193 375 3240 tuos
410 3181 496 3239 etiam
530 3182 649 3240 clientes
684 3181 913 3258 Transpadanos
947 3185 1067 3244 mirifice

124 3281 298 3341 coniunctos
331 3298 399 3337 cum
429 3297 517 3338 causa
546 3279 732 3340 habebamus.
784 3280 854 3339 Erat
888 3282 1068 3343 firmissimus

125 3387 245 3438 senatus
263 3377 390 3453 exceptis
410 3377 617 3450 consularibus,
632 3397 668 3437 ex
689 3380 793 3456 quibus
814 3396 890 3439 unus
911 3379 945 3438 L.
961 3378 1068 3441 Caesar
