2348 3788
53 219 98 281 xp.
114 200 182 286 ιαμ]
255 213 367 265 xrrsr.
390 211 439 260 An
460 213 685 261 ranrnraxxs
706 213 739 265 x.
764 217 815 284 31.
937 213 1000 281 255

56 389 85 444 3.
107 367 265 427 Caesarem
283 383 360 437 vem,
375 364 456 442 quod
476 383 524 423 me
543 365 574 422 in
593 374 673 423 tanta
692 364 808 422 fortuna
824 363 915 422 modo
929 380 1000 438 cog-

55 466 149 523 nitum
159 462 416 521 vetustissimorum
428 461 609 520 familiarium
620 463 686 521 loco
700 462 808 533 habuit,
820 461 906 519 dilexi
921 479 1000 519 sum-

55 581 105 620 ma
119 580 187 621 curn
204 562 309 637 pietate
324 570 353 618 et
372 560 440 618 fide.
482 559 568 632 Quae
582 579 648 618 mea
662 560 804 618 sententia
817 577 916 634 gerere
930 559 1000 616 mihi

55 661 144 729 licuit,
158 660 199 717 ita
212 658 275 729 feci,
289 668 321 716 ut
335 658 463 736 optimus
478 659 600 734 quisque
614 659 741 716 maxime
755 658 882 734 probarit
890 676 898 729 ;
920 657 1001 732 quod

55 760 152 817 iussus
166 773 240 825 sum,
255 773 291 813 eo
305 765 436 830 tempore
456 765 542 831 atque
557 757 596 814 ita
614 756 678 827 feci,
692 765 724 814 ut
743 764 894 831 appareret
912 755 1001 813 invito

55 856 230 931 imperatum
249 871 322 911 esse.
364 851 455 912 Cuius
474 853 541 911 facti
561 854 747 912 iniustissima
765 853 871 911 invidia
888 853 1000 910 erudire

55 971 104 1011 me
128 952 230 1028 potuit,
256 969 344 1027 quam
368 951 495 1009 iucunda
518 953 633 1010 libertas
656 962 685 1010 et
707 968 795 1027 quarn
819 952 924 1009 misera
946 951 1001 1008 sub

55 1050 255 1108 dominatione
278 1049 335 1105 vita
359 1057 445 1106 esset.
487 1049 540 1122 Ita,
564 1051 588 1108 si
613 1050 644 1108 id
667 1050 769 1125 agitur,
792 1059 824 1107 ut
847 1067 946 1107 rursus
959 1051 1001 1106 ·in

55 1157 200 1224 potestate
226 1146 327 1205 omnia
354 1147 440 1204 unius
468 1147 533 1218 sint,
559 1148 737 1223 quicumque
765 1148 789 1205 is
817 1156 869 1217 est,
899 1148 925 1205 ei
952 1165 1000 1204 me

55 1247 195 1324 profiteor
215 1246 379 1314 inimicum;
405 1263 460 1304 nec
481 1245 640 1321 periculum
661 1255 705 1304 est
724 1246 823 1314 ullum,
846 1245 925 1321 quod
946 1264 1000 1321 pro

54 1345 186 1401 libertate
220 1353 269 1400 aut
302 1341 442 1418 refugiam
476 1353 526 1401 aut
560 1343 707 1419 deprecer.
750 1362 778 1416 4.
801 1341 860 1402 Sed
894 1361 1000 1402 consu·

55 1443 98 1502 les
129 1459 225 1518 neque
255 1449 373 1498 senatus
404 1441 537 1500 consulto
568 1460 664 1519 neque
695 1442 793 1500 litteris
825 1441 885 1500 suis
917 1459 1000 1516 prae-

55 1550 194 1615 ceperant
227 1538 306 1608 mihi,
335 1537 405 1614 quid
439 1537 582 1611 facerem;
617 1558 691 1599 unas
722 1541 801 1600 enim
831 1549 899 1617 post
930 1540 1002 1598 Idus

56 1637 178 1696 Martias
199 1635 318 1694 demum
339 1653 357 1692 a
377 1635 473 1694 Pansa
493 1637 600 1695 litteras
621 1638 730 1714 accepi,
752 1639 782 1696 in
806 1638 911 1715 quibus
933 1638 1000 1696 hor·

55 1745 132 1793 tatur
150 1753 206 1804 me,
224 1744 256 1791 ut
274 1733 386 1792 senatui
407 1733 533 1792 scribam
553 1753 602 1793 me
623 1745 652 1793 et
673 1737 830 1795 exercitum
851 1737 881 1793 in
901 1747 1000 1813 potes-

55 1842 115 1891 tate
142 1833 204 1890 eius
234 1831 376 1888 futurum:
413 1831 501 1906 quod,
530 1850 599 1890 cum
629 1832 758 1908 Lepidus
788 1835 1001 1895 contionaretur

56 1942 144 2006 atque
170 1929 307 1988 omnibus
339 1929 477 1986 scriberet
508 1947 539 1988 se
569 1933 731 1990 consentire
762 1950 829 1991 curn
861 1931 1000 2005 Antoni0,

55 2030 185 2089 maxime
205 2027 381 2085 contrarium
402 2026 474 2099 fuit;
509 2046 578 2085 narn
599 2029 703 2104 quibus
725 2030 936 2089 commeatibus
957 2033 1001 2088 in·

55 2129 116 2185 vito
140 2125 189 2183 illo
213 2142 266 2199 per
289 2123 363 2181 illius
391 2125 569 2199 provinciam
597 2126 728 2202 legiones
752 2127 908 2188 ducerem?
943 2141 1000 2202 aut,

56 2228 81 2284 si
106 2234 202 2283 cetera
224 2220 401 2290 transissem,
426 2240 498 2279 num
523 2224 610 2282 etiam
635 2225 727 2301 Alpes
750 2235 882 2301 poteram
909 2235 1001 2286 trans·

55 2323 161 2392 volare,
177 2338 251 2397 quae
272 2319 416 2394 praesidio
437 2320 513 2379 illius
534 2324 689 2380 tenentur?
729 2323 817 2382 Adde
837 2323 903 2394 huc,
921 2326 1001 2400 quod

56 2419 174 2497 perferri
202 2418 309 2474 litterae
339 2416 417 2473 nulla
445 2418 618 2478 condicione
651 2429 825 2497 potuerunt;
859 2424 1001 2482 sescentis

56 2520 135 2576 enim
153 2517 225 2574 locis
242 2514 431 2585 excutiuntur,
447 2515 552 2574 deinde
573 2519 661 2576 etiam
683 2520 841 2577 retinentur
860 2518 898 2576 ab
914 2518 1002 2595 Lepi·

56 2617 96 2675 do
116 2613 260 2672 tabellarii.
304 2624 331 2684 5.
354 2610 429 2670 Illud
448 2631 497 2670 me
520 2613 676 2674 Cordubae
700 2635 755 2693 pro
776 2617 914 2676 contione
937 2619 1001 2676 dix·

56 2716 114 2774 isse
134 2730 221 2770 nemo
242 2708 357 2768 vocabit
377 2710 407 2768 in
429 2709 558 2783 dubium,
579 2716 758 2788 provinciam
777 2733 826 2772 me
846 2715 925 2786 nulli,
945 2717 1001 2775 nisi

55 2813 106 2889 qui
136 2813 174 2869 ab
207 2819 308 2868 senatu
338 2811 445 2869 missus
478 2812 610 2882 venisset,
646 2813 833 2871 traditurum:
866 2831 936 2871 nam
964 2815 1001 2873 de

56 2912 172 2986 legione
190 2907 354 2967 tricensima
372 2909 513 2967 tradenda
532 2919 655 2985 quantas
675 2911 876 2969 contentiones
893 2910 1001 2970 habue-

57 3011 112 3066 rim
126 3007 196 3082 quid
210 3023 265 3080 ego
280 3007 424 3065 scribam?
445 3024 504 3083 qua
522 3008 625 3066 tradita
639 3018 747 3085 quanto
767 3025 821 3084 pro
835 3027 866 3067 re
885 3009 1002 3084 publica

57 3107 195 3164 infirmior
212 3104 324 3162 futurus
342 3103 453 3176 fuerim,
473 3105 538 3181 quis
557 3106 692 3180 ignorat?
712 3106 768 3165 hac
788 3106 865 3164 enim
884 3105 1001 3183 legione

57 3206 116 3263 noli
140 3205 233 3262 acrius
254 3211 303 3259 aut
327 3203 487 3277 pugnacius
512 3204 668 3279 quicquam
691 3214 792 3280 putare
816 3221 889 3262 esse.
932 3203 1001 3276 Qua

57 3322 88 3361 re
112 3321 180 3361 eum
203 3320 251 3359 me
275 3299 407 3359 existima
429 3317 501 3371 esse,
524 3303 572 3378 qui
596 3303 722 3377 primurn
746 3301 826 3377 pacis
851 3302 1000 3377 cupidissi-

57 3419 124 3460 mus
143 3401 213 3458 sim-
234 3416 343 3458 omnes
361 3397 441 3459 enim
459 3397 535 3458 cives
553 3400 640 3476 plane
660 3398 762 3459 studeo
775 3417 839 3458 esse
854 3399 1000 3472 salvos—,
