<?xml version="1.0" encoding="UTF-8"?>
<!DOCTYPE html PUBLIC "-//W3C//DTD XHTML 1.0 Transitional//EN"
    "http://www.w3.org/TR/xhtml1/DTD/xhtml1-transitional.dtd">
<html xmlns="http://www.w3.org/1999/xhtml" xml:lang="en" lang="en">
 <head>
  <title>
</title>
<meta http-equiv="Content-Type" content="text/html;charset=utf-8" />
  <meta name='ocr-system' content='tesseract 3.04.00' />
  <meta name='ocr-capabilities' content='ocr_page ocr_carea ocr_par ocr_line ocrx_word'/>
</head>
<body>
  <div class='ocr_page' id='page_1' title='image "./epistolaeselect01cicegoog/epistolaeselect01cicegoog_0188.png"; bbox 0 0 2356 3810; ppageno 0'>
   <div class='ocr_carea' id='block_1_1' title="bbox 115 201 1055 286">
    <p class='ocr_par' dir='ltr' id='par_1_1' title="bbox 115 201 1055 286">
     <span class='ocr_line' id='line_1_1' title="bbox 115 201 1055 286; baseline 0.002 -22"><span class='ocrx_word' id='word_1_1' title='bbox 115 215 175 285; x_wconf 80' lang='lat'>172</span> <span class='ocrx_word' id='word_1_2' title='bbox 264 273 265 277; x_wconf 45' lang='lat'>,</span> <span class='ocrx_word' id='word_1_3' title='bbox 381 214 420 266; x_wconf 80' lang='lat' dir='ltr'>rr.</span> <span class='ocrx_word' id='word_1_4' title='bbox 445 214 565 264; x_wconf 80' lang='lat' dir='ltr'>rurirr</span> <span class='ocrx_word' id='word_1_5' title='bbox 586 214 774 264; x_wconf 75' lang='lat' dir='ltr'>creandum</span> <span class='ocrx_word' id='word_1_6' title='bbox 923 201 995 286; x_wconf 60' lang='lat' dir='ltr'>[aare</span> <span class='ocrx_word' id='word_1_7' title='bbox 1009 215 1055 266; x_wconf 90' lang='grc' dir='ltr'>ιιι.</span> 
     </span>
    </p>
   </div>
   <div class='ocr_carea' id='block_1_2' title="bbox 113 370 1059 920">
    <p class='ocr_par' dir='ltr' id='par_1_2' title="bbox 113 370 1059 920">
     <span class='ocr_line' id='line_1_2' title="bbox 113 370 1057 447; baseline 0 -19"><span class='ocrx_word' id='word_1_8' title='bbox 113 370 168 428; x_wconf 93' lang='lat' dir='ltr'>civi</span> <span class='ocrx_word' id='word_1_9' title='bbox 182 370 275 446; x_wconf 86' lang='lat' dir='ltr'>magis</span> <span class='ocrx_word' id='word_1_10' title='bbox 290 371 424 430; x_wconf 90' lang='lat' dir='ltr'>convenit</span> <span class='ocrx_word' id='word_1_11' title='bbox 439 390 526 447; x_wconf 91' lang='lat' dir='ltr'>quarn</span> <span class='ocrx_word' id='word_1_12' title='bbox 542 372 644 430; x_wconf 88' lang='lat' dir='ltr'>abesse</span> <span class='ocrx_word' id='word_1_13' title='bbox 658 389 676 429; x_wconf 89' lang='lat' dir='ltr'>a</span> <span class='ocrx_word' id='word_1_14' title='bbox 690 371 818 430; x_wconf 87' lang='lat' dir='ltr'>civilibus</span> <span class='ocrx_word' id='word_1_15' title='bbox 833 372 1057 430; x_wconf 80' lang='lat' dir='ltr'>controversiis?</span> 
     </span>
     <span class='ocr_line' id='line_1_3' title="bbox 114 469 1058 546; baseline 0.003 -21"><span class='ocrx_word' id='word_1_16' title='bbox 114 469 193 544; x_wconf 90' lang='lat' dir='ltr'>quod</span> <span class='ocrx_word' id='word_1_17' title='bbox 212 486 272 525; x_wconf 91' lang='lat' dir='ltr'>non</span> <span class='ocrx_word' id='word_1_18' title='bbox 291 470 361 526; x_wconf 93' lang='lat' dir='ltr'>nulli</span> <span class='ocrx_word' id='word_1_19' title='bbox 381 487 448 527; x_wconf 90' lang='lat' dir='ltr'>cum</span> <span class='ocrx_word' id='word_1_20' title='bbox 467 471 631 545; x_wconf 83' lang='lat' dir='ltr'>probarent,</span> <span class='ocrx_word' id='word_1_21' title='bbox 646 470 765 546; x_wconf 91' lang='lat' dir='ltr'>periculi</span> <span class='ocrx_word' id='word_1_22' title='bbox 785 488 873 528; x_wconf 90' lang='lat' dir='ltr'>causa</span> <span class='ocrx_word' id='word_1_23' title='bbox 892 471 977 546; x_wconf 87' lang='lat' dir='ltr'>sequi</span> <span class='ocrx_word' id='word_1_24' title='bbox 997 488 1058 528; x_wconf 89' lang='lat' dir='ltr'>non</span> 
     </span>
     <span class='ocr_line' id='line_1_4' title="bbox 114 567 1058 642; baseline 0.001 -19"><span class='ocrx_word' id='word_1_25' title='bbox 114 576 285 642; x_wconf 91' lang='lat' dir='ltr'>potuerunt:</span> <span class='ocrx_word' id='word_1_26' title='bbox 306 575 338 623; x_wconf 95' lang='lat' dir='ltr'>tu</span> <span class='ocrx_word' id='word_1_27' title='bbox 352 567 502 642; x_wconf 86' lang='lat' dir='ltr'>explorato</span> <span class='ocrx_word' id='word_1_28' title='bbox 517 577 545 625; x_wconf 91' lang='lat' dir='ltr'>et</span> <span class='ocrx_word' id='word_1_29' title='bbox 560 568 633 626; x_wconf 88' lang='lat' dir='ltr'>vitae</span> <span class='ocrx_word' id='word_1_30' title='bbox 647 585 731 625; x_wconf 88' lang='lat' dir='ltr'>meae</span> <span class='ocrx_word' id='word_1_31' title='bbox 750 568 916 626; x_wconf 91' lang='lat' dir='ltr'>testimonio</span> <span class='ocrx_word' id='word_1_32' title='bbox 936 578 966 625; x_wconf 92' lang='lat' dir='ltr'>et</span> <span class='ocrx_word' id='word_1_33' title='bbox 986 569 1058 624; x_wconf 89' lang='lat' dir='ltr'>ami·</span> 
     </span>
     <span class='ocr_line' id='line_1_5' title="bbox 116 663 1059 741; baseline 0.002 -20"><span class='ocrx_word' id='word_1_34' title='bbox 116 663 197 721; x_wconf 90' lang='lat' dir='ltr'>citiae</span> <span class='ocrx_word' id='word_1_35' title='bbox 211 663 318 721; x_wconf 91' lang='lat' dir='ltr'>iudicio</span> <span class='ocrx_word' id='word_1_36' title='bbox 332 682 427 739; x_wconf 91' lang='lat' dir='ltr'>neque</span> <span class='ocrx_word' id='word_1_37' title='bbox 441 665 528 723; x_wconf 92' lang='lat' dir='ltr'>tutius</span> <span class='ocrx_word' id='word_1_38' title='bbox 546 683 641 740; x_wconf 88' lang='lat' dir='ltr'>neque</span> <span class='ocrx_word' id='word_1_39' title='bbox 661 665 812 723; x_wconf 88' lang='lat' dir='ltr'><strong>honestius</strong></span> <span class='ocrx_word' id='word_1_40' title='bbox 830 665 958 740; x_wconf 85' lang='lat' dir='ltr'>reperies</span> <span class='ocrx_word' id='word_1_41' title='bbox 978 666 1059 741; x_wconf 91' lang='lat' dir='ltr'>quic·</span> 
     </span>
     <span class='ocr_line' id='line_1_6' title="bbox 116 761 1059 836; baseline 0.002 -18"><span class='ocrx_word' id='word_1_42' title='bbox 116 779 204 836; x_wconf 88' lang='lat' dir='ltr'>quam</span> <span class='ocrx_word' id='word_1_43' title='bbox 219 778 306 835; x_wconf 91' lang='lat' dir='ltr'>quam</span> <span class='ocrx_word' id='word_1_44' title='bbox 321 761 358 818; x_wconf 90' lang='lat' dir='ltr'>ab</span> <span class='ocrx_word' id='word_1_45' title='bbox 372 762 453 819; x_wconf 93' lang='lat' dir='ltr'>omni</span> <span class='ocrx_word' id='word_1_46' title='bbox 467 762 654 821; x_wconf 84' lang='lat' dir='ltr'>contentione</span> <span class='ocrx_word' id='word_1_47' title='bbox 668 763 778 822; x_wconf 88' lang='lat' dir='ltr'>abesse.</span> <span class='ocrx_word' id='word_1_48' title='bbox 820 780 866 822; x_wconf 85' lang='lat' dir='ltr'>xv.</span> <span class='ocrx_word' id='word_1_49' title='bbox 883 761 952 821; x_wconf 85' lang='lat' dir='ltr'>Kal.</span> <span class='ocrx_word' id='word_1_50' title='bbox 963 761 1059 821; x_wconf 86' lang='lat' dir='ltr'>Maias</span> 
     </span>
     <span class='ocr_line' id='line_1_7' title="bbox 116 859 288 920; baseline 0 -2"><span class='ocrx_word' id='word_1_51' title='bbox 116 877 153 918; x_wconf 90' lang='lat' dir='ltr'>ex</span> <span class='ocrx_word' id='word_1_52' title='bbox 172 859 288 920; x_wconf 68' lang='lat' dir='ltr'>itinere!</span> 
     </span>
    </p>
   </div>
   <div class='ocr_carea' id='block_1_3' title="bbox 344 1009 834 1071">
    <p class='ocr_par' dir='ltr' id='par_1_3' title="bbox 344 1009 834 1071">
     <span class='ocr_line' id='line_1_8' title="bbox 344 1009 834 1071; baseline 0.004 -2"><span class='ocrx_word' id='word_1_53' title='bbox 344 1015 390 1070; x_wconf 84' lang='lat'>74.</span> <span class='ocrx_word' id='word_1_54' title='bbox 433 1010 490 1068; x_wconf 91' lang='lat' dir='ltr'>AD</span> <span class='ocrx_word' id='word_1_55' title='bbox 511 1009 705 1069; x_wconf 85' lang='lat' dir='ltr'>ATTICUM</span> <span class='ocrx_word' id='word_1_56' title='bbox 725 1009 763 1070; x_wconf 90' lang='lat' dir='ltr'>X.</span> <span class='ocrx_word' id='word_1_57' title='bbox 789 1011 834 1071; x_wconf 90' lang='lat'>16.</span> 
     </span>
    </p>
   </div>
   <div class='ocr_carea' id='block_1_4' title="bbox 217 1120 963 1287">
    <p class='ocr_par' dir='ltr' id='par_1_4' title="bbox 217 1120 963 1287">
     <span class='ocr_line' id='line_1_9' title="bbox 217 1120 963 1199; baseline 0.007 -19"><span class='ocrx_word' id='word_1_58' title='bbox 217 1120 284 1182; x_wconf 74' lang='lat' dir='ltr'>Sca.</span> <span class='ocrx_word' id='word_1_59' title='bbox 299 1140 331 1181; x_wconf 81' lang='lat' dir='ltr'>nr</span> <span class='ocrx_word' id='word_1_60' title='bbox 351 1121 479 1180; x_wconf 71' lang='lat' dir='ltr'>Cunrno</span> <span class='ocrx_word' id='word_1_61' title='bbox 501 1141 574 1180; x_wconf 77' lang='lat' dir='ltr'>anm.</span> <span class='ocrx_word' id='word_1_62' title='bbox 590 1122 660 1180; x_wconf 87' lang='lat' dir='ltr'>Inus</span> <span class='ocrx_word' id='word_1_63' title='bbox 674 1122 774 1181; x_wconf 71' lang='lat' dir='ltr'>Maras</span> <span class='ocrx_word' id='word_1_64' title='bbox 794 1141 876 1184; x_wconf 69' lang='lat' dir='ltr'>nuc.</span> <span class='ocrx_word' id='word_1_65' title='bbox 894 1137 963 1199; x_wconf 85' lang='lat'><strong>705.</strong></span> 
     </span>
     <span class='ocr_line' id='line_1_10' title="bbox 439 1245 741 1287; baseline 0 -1"><span class='ocrx_word' id='word_1_66' title='bbox 439 1245 541 1287; x_wconf 79' lang='lat' dir='ltr'>crcrno</span> <span class='ocrx_word' id='word_1_67' title='bbox 555 1245 660 1286; x_wconf 70' lang='lat' dir='ltr'>arrrco</span> <span class='ocrx_word' id='word_1_68' title='bbox 679 1246 741 1286; x_wconf 74' lang='lat' dir='ltr'>sar..</span> 
     </span>
    </p>
   </div>
   <div class='ocr_carea' id='block_1_5' title="bbox 99 1338 1067 3467">
    <p class='ocr_par' dir='ltr' id='par_1_5' title="bbox 99 1338 1067 3467">
     <span class='ocr_line' id='line_1_11' title="bbox 164 1338 1059 1418; baseline 0.002 -18"><span class='ocrx_word' id='word_1_69' title='bbox 164 1338 188 1400; x_wconf 74' lang='grc' dir='ltr'>ι’.</span> <span class='ocrx_word' id='word_1_70' title='bbox 211 1340 384 1401; x_wconf 79' lang='lat' dir='ltr'>Conuonurr</span> <span class='ocrx_word' id='word_1_71' title='bbox 403 1341 440 1399; x_wconf 91' lang='lat' dir='ltr'>ad</span> <span class='ocrx_word' id='word_1_72' title='bbox 455 1352 482 1398; x_wconf 92' lang='lat' dir='ltr'>te</span> <span class='ocrx_word' id='word_1_73' title='bbox 498 1341 633 1399; x_wconf 88' lang='lat' dir='ltr'>dederam</span> <span class='ocrx_word' id='word_1_74' title='bbox 647 1341 754 1399; x_wconf 86' lang='lat' dir='ltr'>litteras</span> <span class='ocrx_word' id='word_1_75' title='bbox 769 1342 805 1401; x_wconf 95' lang='lat' dir='ltr'>de</span> <span class='ocrx_word' id='word_1_76' title='bbox 820 1342 949 1418; x_wconf 89' lang='lat' dir='ltr'>pluribus</span> <span class='ocrx_word' id='word_1_77' title='bbox 963 1344 1059 1415; x_wconf 89' lang='lat' dir='ltr'>rebus,</span> 
     </span>
     <span class='ocr_line' id='line_1_12' title="bbox 119 1434 1060 1520; baseline 0.002 -23"><span class='ocrx_word' id='word_1_78' title='bbox 119 1458 187 1498; x_wconf 92' lang='lat' dir='ltr'>cum</span> <span class='ocrx_word' id='word_1_79' title='bbox 202 1440 238 1497; x_wconf 91' lang='lat' dir='ltr'>ad</span> <span class='ocrx_word' id='word_1_80' title='bbox 253 1457 301 1496; x_wconf 90' lang='lat' dir='ltr'>me</span> <span class='ocrx_word' id='word_1_81' title='bbox 320 1440 394 1496; x_wconf 88' lang='lat' dir='ltr'>bene</span> <span class='ocrx_word' id='word_1_82' title='bbox 413 1457 500 1509; x_wconf 87' lang='lat' dir='ltr'>mane</span> <span class='ocrx_word' id='word_1_83' title='bbox 519 1437 676 1514; x_wconf 90' lang='lat' dir='ltr'>Dionysius</span> <span class='ocrx_word' id='word_1_84' title='bbox 693 1434 781 1520; x_wconf 85' lang='lat' dir='ltr'>[fuit]‚</span> <span class='ocrx_word' id='word_1_85' title='bbox 797 1440 843 1498; x_wconf 91' lang='lat' dir='ltr'>cui</span> <span class='ocrx_word' id='word_1_86' title='bbox 864 1440 983 1515; x_wconf 88' lang='lat' dir='ltr'>quidem</span> <span class='ocrx_word' id='word_1_87' title='bbox 1004 1459 1060 1517; x_wconf 85' lang='lat' dir='ltr'>ego</span> 
     </span>
     <span class='ocr_line' id='line_1_13' title="bbox 120 1536 1061 1612; baseline -0.001 -17"><span class='ocrx_word' id='word_1_88' title='bbox 120 1555 181 1595; x_wconf 92' lang='lat' dir='ltr'>non</span> <span class='ocrx_word' id='word_1_89' title='bbox 198 1536 289 1594; x_wconf 91' lang='lat' dir='ltr'>modo</span> <span class='ocrx_word' id='word_1_90' title='bbox 308 1536 479 1611; x_wconf 82' lang='lat' dir='ltr'>placabilem</span> <span class='ocrx_word' id='word_1_91' title='bbox 498 1554 545 1593; x_wconf 92' lang='lat' dir='ltr'>me</span> <span class='ocrx_word' id='word_1_92' title='bbox 564 1538 772 1612; x_wconf 88' lang='lat' dir='ltr'>praebuissem,</span> <span class='ocrx_word' id='word_1_93' title='bbox 789 1538 842 1595; x_wconf 92' lang='lat' dir='ltr'>sed</span> <span class='ocrx_word' id='word_1_94' title='bbox 862 1547 956 1594; x_wconf 90' lang='lat' dir='ltr'>totum</span> <span class='ocrx_word' id='word_1_95' title='bbox 976 1539 1061 1595; x_wconf 89' lang='lat' dir='ltr'>remi-</span> 
     </span>
     <span class='ocr_line' id='line_1_14' title="bbox 121 1633 1062 1709; baseline 0.001 -18"><span class='ocrx_word' id='word_1_96' title='bbox 121 1635 232 1704; x_wconf 89' lang='lat' dir='ltr'>sissem,</span> <span class='ocrx_word' id='word_1_97' title='bbox 245 1634 268 1690; x_wconf 91' lang='lat' dir='ltr'>si</span> <span class='ocrx_word' id='word_1_98' title='bbox 283 1633 452 1701; x_wconf 88' lang='lat' dir='ltr'>advenisset,</span> <span class='ocrx_word' id='word_1_99' title='bbox 463 1650 521 1707; x_wconf 90' lang='lat' dir='ltr'>qua</span> <span class='ocrx_word' id='word_1_100' title='bbox 534 1643 632 1691; x_wconf 92' lang='lat' dir='ltr'>mente</span> <span class='ocrx_word' id='word_1_101' title='bbox 647 1645 677 1691; x_wconf 93' lang='lat' dir='ltr'>tu</span> <span class='ocrx_word' id='word_1_102' title='bbox 691 1634 728 1692; x_wconf 89' lang='lat' dir='ltr'>ad</span> <span class='ocrx_word' id='word_1_103' title='bbox 742 1653 790 1692; x_wconf 91' lang='lat' dir='ltr'>me</span> <span class='ocrx_word' id='word_1_104' title='bbox 810 1635 966 1709; x_wconf 87' lang='lat' dir='ltr'>scripseras</span> <span class='ocrx_word' id='word_1_105' title='bbox 974 1654 982 1707; x_wconf 92' lang='lat'>;</span> <span class='ocrx_word' id='word_1_106' title='bbox 1001 1647 1062 1694; x_wconf 90' lang='lat' dir='ltr'>erat</span> 
     </span>
     <span class='ocr_line' id='line_1_15' title="bbox 121 1729 1061 1808; baseline -0.001 -18"><span class='ocrx_word' id='word_1_107' title='bbox 121 1732 200 1790; x_wconf 85' lang='lat' dir='ltr'>enirn</span> <span class='ocrx_word' id='word_1_108' title='bbox 228 1731 269 1788; x_wconf 89' lang='lat' dir='ltr'>sic</span> <span class='ocrx_word' id='word_1_109' title='bbox 296 1731 327 1787; x_wconf 91' lang='lat' dir='ltr'>in</span> <span class='ocrx_word' id='word_1_110' title='bbox 355 1729 410 1787; x_wconf 92' lang='lat' dir='ltr'>tuis</span> <span class='ocrx_word' id='word_1_111' title='bbox 437 1730 543 1800; x_wconf 88' lang='lat' dir='ltr'>litteris,</span> <span class='ocrx_word' id='word_1_112' title='bbox 565 1748 638 1806; x_wconf 88' lang='lat' dir='ltr'>quas</span> <span class='ocrx_word' id='word_1_113' title='bbox 662 1731 766 1806; x_wconf 85' lang='lat' dir='ltr'>Arpini</span> <span class='ocrx_word' id='word_1_114' title='bbox 794 1749 971 1808; x_wconf 80' lang='lat' dir='ltr'>acceperam,</span> <span class='ocrx_word' id='word_1_115' title='bbox 994 1751 1061 1790; x_wconf 91' lang='lat' dir='ltr'>eum</span> 
     </span>
     <span class='ocr_line' id='line_1_16' title="bbox 122 1828 1063 1906; baseline 0.003 -20"><span class='ocrx_word' id='word_1_116' title='bbox 122 1841 272 1888; x_wconf 88' lang='lat' dir='ltr'>venturum</span> <span class='ocrx_word' id='word_1_117' title='bbox 297 1828 495 1903; x_wconf 85' lang='lat' dir='ltr'>facturumque</span> <span class='ocrx_word' id='word_1_118' title='bbox 519 1830 600 1904; x_wconf 91' lang='lat' dir='ltr'>quod</span> <span class='ocrx_word' id='word_1_119' title='bbox 624 1848 681 1906; x_wconf 85' lang='lat' dir='ltr'>ego</span> <span class='ocrx_word' id='word_1_120' title='bbox 706 1828 826 1888; x_wconf 86' lang='lat' dir='ltr'>vellem:</span> <span class='ocrx_word' id='word_1_121' title='bbox 850 1847 906 1906; x_wconf 85' lang='lat' dir='ltr'>ego</span> <span class='ocrx_word' id='word_1_122' title='bbox 919 1831 1063 1889; x_wconf 81' lang='lat' dir='ltr'>¹volebam</span> 
     </span>
     <span class='ocr_line' id='line_1_17' title="bbox 123 1927 1063 2004; baseline 0 -18"><span class='ocrx_word' id='word_1_123' title='bbox 123 1939 219 1986; x_wconf 88' lang='lat' dir='ltr'>autem</span> <span class='ocrx_word' id='word_1_124' title='bbox 243 1927 287 1983; x_wconf 89' lang='lat' dir='ltr'>vel</span> <span class='ocrx_word' id='word_1_125' title='bbox 311 1927 464 2002; x_wconf 90' lang='lat' dir='ltr'>cupiebam</span> <span class='ocrx_word' id='word_1_126' title='bbox 488 1927 586 2003; x_wconf 93' lang='lat' dir='ltr'>potius</span> <span class='ocrx_word' id='word_1_127' title='bbox 611 1946 675 1985; x_wconf 90' lang='lat' dir='ltr'>esse</span> <span class='ocrx_word' id='word_1_128' title='bbox 700 1946 766 1985; x_wconf 90' lang='lat' dir='ltr'>eum</span> <span class='ocrx_word' id='word_1_129' title='bbox 791 1928 959 1998; x_wconf 88' lang='lat' dir='ltr'>nobiscum;</span> <span class='ocrx_word' id='word_1_130' title='bbox 982 1930 1063 2004; x_wconf 93' lang='lat' dir='ltr'>quod</span> 
     </span>
     <span class='ocr_line' id='line_1_18' title="bbox 99 2023 1063 2106; baseline 0 -24"><span class='ocrx_word' id='word_1_131' title='bbox 99 2027 191 2106; x_wconf 15' lang='lat' dir='ltr'>‘quia</span> <span class='ocrx_word' id='word_1_132' title='bbox 222 2025 316 2100; x_wconf 89' lang='lat' dir='ltr'>plane,</span> <span class='ocrx_word' id='word_1_133' title='bbox 345 2042 413 2082; x_wconf 90' lang='lat' dir='ltr'>cum</span> <span class='ocrx_word' id='word_1_134' title='bbox 440 2025 471 2081; x_wconf 92' lang='lat' dir='ltr'>in</span> <span class='ocrx_word' id='word_1_135' title='bbox 498 2023 686 2081; x_wconf 87' lang='lat' dir='ltr'>Formianum</span> <span class='ocrx_word' id='word_1_136' title='bbox 713 2024 847 2095; x_wconf 88' lang='lat' dir='ltr'>venisset,</span> <span class='ocrx_word' id='word_1_137' title='bbox 875 2026 1063 2099; x_wconf 89' lang='lat' dir='ltr'>praeciderat,</span> 
     </span>
     <span class='ocr_line' id='line_1_19' title="bbox 123 2121 1064 2200; baseline -0.002 -18"><span class='ocrx_word' id='word_1_138' title='bbox 123 2124 251 2200; x_wconf 88' lang='lat' dir='ltr'>asperius</span> <span class='ocrx_word' id='word_1_139' title='bbox 267 2123 304 2180; x_wconf 93' lang='lat' dir='ltr'>ad</span> <span class='ocrx_word' id='word_1_140' title='bbox 317 2132 346 2179; x_wconf 87' lang='lat' dir='ltr'>te</span> <span class='ocrx_word' id='word_1_141' title='bbox 360 2121 396 2180; x_wconf 87' lang='lat' dir='ltr'>de</span> <span class='ocrx_word' id='word_1_142' title='bbox 415 2139 452 2179; x_wconf 92' lang='lat' dir='ltr'>eo</span> <span class='ocrx_word' id='word_1_143' title='bbox 472 2123 594 2180; x_wconf 91' lang='lat' dir='ltr'>scribere</span> <span class='ocrx_word' id='word_1_144' title='bbox 614 2122 753 2179; x_wconf 88' lang='lat' dir='ltr'>solebam.</span> <span class='ocrx_word' id='word_1_145' title='bbox 794 2122 833 2179; x_wconf 87' lang='lat' dir='ltr'>At</span> <span class='ocrx_word' id='word_1_146' title='bbox 851 2121 897 2180; x_wconf 92' lang='lat' dir='ltr'>ille</span> <span class='ocrx_word' id='word_1_147' title='bbox 916 2140 1064 2197; x_wconf 90' lang='lat' dir='ltr'>perpauca</span> 
     </span>
     <span class='ocr_line' id='line_1_20' title="bbox 124 2219 1063 2294; baseline -0.004 -14"><span class='ocrx_word' id='word_1_148' title='bbox 124 2223 236 2280; x_wconf 90' lang='lat' dir='ltr'>locutus</span> <span class='ocrx_word' id='word_1_149' title='bbox 250 2220 325 2279; x_wconf 89' lang='lat' dir='ltr'>hanc</span> <span class='ocrx_word' id='word_1_150' title='bbox 340 2238 485 2278; x_wconf 88' lang='lat' dir='ltr'>summam</span> <span class='ocrx_word' id='word_1_151' title='bbox 499 2220 598 2278; x_wconf 91' lang='lat' dir='ltr'>habuit</span> <span class='ocrx_word' id='word_1_152' title='bbox 608 2220 754 2288; x_wconf 92' lang='lat' dir='ltr'>orationis,</span> <span class='ocrx_word' id='word_1_153' title='bbox 764 2227 796 2276; x_wconf 91' lang='lat' dir='ltr'>ut</span> <span class='ocrx_word' id='word_1_154' title='bbox 807 2219 859 2277; x_wconf 88' lang='lat' dir='ltr'>sibi</span> <span class='ocrx_word' id='word_1_155' title='bbox 869 2220 1063 2294; x_wconf 85' lang='lat' dir='ltr'>ignoscerem,</span> 
     </span>
     <span class='ocr_line' id='line_1_21' title="bbox 124 2317 1065 2394; baseline -0.003 -16"><span class='ocrx_word' id='word_1_156' title='bbox 124 2339 156 2378; x_wconf 90' lang='lat' dir='ltr'>se</span> <span class='ocrx_word' id='word_1_157' title='bbox 170 2322 255 2377; x_wconf 89' lang='lat' dir='ltr'>rebus</span> <span class='ocrx_word' id='word_1_158' title='bbox 269 2321 328 2378; x_wconf 91' lang='lat' dir='ltr'>suis</span> <span class='ocrx_word' id='word_1_159' title='bbox 342 2319 513 2394; x_wconf 91' lang='lat' dir='ltr'>impeditum</span> <span class='ocrx_word' id='word_1_160' title='bbox 527 2318 680 2375; x_wconf 90' lang='lat' dir='ltr'>nobiscum</span> <span class='ocrx_word' id='word_1_161' title='bbox 694 2318 734 2374; x_wconf 92' lang='lat' dir='ltr'>ire</span> <span class='ocrx_word' id='word_1_162' title='bbox 749 2335 810 2374; x_wconf 92' lang='lat' dir='ltr'>non</span> <span class='ocrx_word' id='word_1_163' title='bbox 826 2335 922 2393; x_wconf 89' lang='lat' dir='ltr'>posse.</span> <span class='ocrx_word' id='word_1_164' title='bbox 966 2317 1065 2376; x_wconf 85' lang='lat' dir='ltr'>Pauca</span> 
     </span>
     <span class='ocr_line' id='line_1_22' title="bbox 124 2414 1064 2493; baseline -0.003 -17"><span class='ocrx_word' id='word_1_165' title='bbox 124 2419 269 2493; x_wconf 89' lang='lat' dir='ltr'>respondi,</span> <span class='ocrx_word' id='word_1_166' title='bbox 284 2435 424 2492; x_wconf 85' lang='lat' dir='ltr'>magnum</span> <span class='ocrx_word' id='word_1_167' title='bbox 445 2415 544 2491; x_wconf 92' lang='lat' dir='ltr'>accepi</span> <span class='ocrx_word' id='word_1_168' title='bbox 564 2415 702 2485; x_wconf 90' lang='lat' dir='ltr'>dolorem,</span> <span class='ocrx_word' id='word_1_169' title='bbox 717 2415 843 2472; x_wconf 86' lang='lat' dir='ltr'>intellexi</span> <span class='ocrx_word' id='word_1_170' title='bbox 863 2414 1008 2473; x_wconf 87' lang='lat' dir='ltr'>fortunam</span> <span class='ocrx_word' id='word_1_171' title='bbox 1026 2418 1064 2473; x_wconf 91' lang='lat' dir='ltr'>ab</span> 
     </span>
     <span class='ocr_line' id='line_1_23' title="bbox 126 2511 1064 2588; baseline -0.002 -14"><span class='ocrx_word' id='word_1_172' title='bbox 126 2534 162 2574; x_wconf 92' lang='lat' dir='ltr'>eo</span> <span class='ocrx_word' id='word_1_173' title='bbox 190 2525 318 2572; x_wconf 91' lang='lat' dir='ltr'>nostram</span> <span class='ocrx_word' id='word_1_174' title='bbox 347 2514 514 2588; x_wconf 89' lang='lat' dir='ltr'>despectam</span> <span class='ocrx_word' id='word_1_175' title='bbox 546 2530 618 2572; x_wconf 90' lang='lat' dir='ltr'>esse.</span> <span class='ocrx_word' id='word_1_176' title='bbox 666 2511 747 2584; x_wconf 89' lang='lat' dir='ltr'>Quid</span> <span class='ocrx_word' id='word_1_177' title='bbox 775 2513 908 2588; x_wconf 87' lang='lat' dir='ltr'>quaeris?</span> <span class='ocrx_word' id='word_1_178' title='bbox 941 2513 1064 2572; x_wconf 86' lang='lat' dir='ltr'>fortasse</span> 
     </span>
     <span class='ocr_line' id='line_1_24' title="bbox 125 2609 1065 2686; baseline -0.001 -15"><span class='ocrx_word' id='word_1_179' title='bbox 125 2613 291 2671; x_wconf 89' lang='lat' dir='ltr'>miraberis:</span> <span class='ocrx_word' id='word_1_180' title='bbox 313 2612 342 2668; x_wconf 92' lang='lat' dir='ltr'>in</span> <span class='ocrx_word' id='word_1_181' title='bbox 362 2611 496 2670; x_wconf 85' lang='lat' dir='ltr'>maximis</span> <span class='ocrx_word' id='word_1_182' title='bbox 515 2609 620 2667; x_wconf 91' lang='lat' dir='ltr'>horum</span> <span class='ocrx_word' id='word_1_183' title='bbox 638 2619 803 2686; x_wconf 91' lang='lat' dir='ltr'>temporum</span> <span class='ocrx_word' id='word_1_184' title='bbox 824 2610 971 2669; x_wconf 90' lang='lat' dir='ltr'>doloribus</span> <span class='ocrx_word' id='word_1_185' title='bbox 985 2611 1065 2670; x_wconf 92' lang='lat' dir='ltr'>hunc</span> 
     </span>
     <span class='ocr_line' id='line_1_25' title="bbox 125 2707 1065 2770; baseline -0.003 -1"><span class='ocrx_word' id='word_1_186' title='bbox 125 2711 196 2770; x_wconf 93' lang='lat' dir='ltr'>mihi</span> <span class='ocrx_word' id='word_1_187' title='bbox 211 2711 283 2768; x_wconf 91' lang='lat' dir='ltr'>scito</span> <span class='ocrx_word' id='word_1_188' title='bbox 297 2727 370 2767; x_wconf 90' lang='lat' dir='ltr'>esse.</span> <span class='ocrx_word' id='word_1_189' title='bbox 412 2707 509 2766; x_wconf 87' lang='lat' dir='ltr'>Velim</span> <span class='ocrx_word' id='word_1_190' title='bbox 523 2718 554 2765; x_wconf 91' lang='lat' dir='ltr'>ut</span> <span class='ocrx_word' id='word_1_191' title='bbox 573 2708 623 2766; x_wconf 93' lang='lat' dir='ltr'>tibi</span> <span class='ocrx_word' id='word_1_192' title='bbox 642 2708 752 2766; x_wconf 90' lang='lat' dir='ltr'>amicus</span> <span class='ocrx_word' id='word_1_193' title='bbox 770 2709 824 2766; x_wconf 92' lang='lat' dir='ltr'>sit:</span> <span class='ocrx_word' id='word_1_194' title='bbox 846 2708 903 2766; x_wconf 91' lang='lat' dir='ltr'>hoc</span> <span class='ocrx_word' id='word_1_195' title='bbox 925 2727 991 2766; x_wconf 90' lang='lat' dir='ltr'>cum</span> <span class='ocrx_word' id='word_1_196' title='bbox 1013 2711 1065 2767; x_wconf 92' lang='lat' dir='ltr'>tibi</span> 
     </span>
     <span class='ocr_line' id='line_1_26' title="bbox 126 2804 1065 2886; baseline -0.003 -19"><span class='ocrx_word' id='word_1_197' title='bbox 126 2822 206 2886; x_wconf 92' lang='lat' dir='ltr'>opt0‚</span> <span class='ocrx_word' id='word_1_198' title='bbox 215 2820 286 2883; x_wconf 89' lang='lat' dir='ltr'>opto</span> <span class='ocrx_word' id='word_1_199' title='bbox 299 2818 331 2865; x_wconf 92' lang='lat' dir='ltr'>ut</span> <span class='ocrx_word' id='word_1_200' title='bbox 344 2809 445 2865; x_wconf 89' lang='lat' dir='ltr'>beatus</span> <span class='ocrx_word' id='word_1_201' title='bbox 461 2807 518 2878; x_wconf 89' lang='lat' dir='ltr'>sis;</span> <span class='ocrx_word' id='word_1_202' title='bbox 533 2806 586 2864; x_wconf 90' lang='lat' dir='ltr'>erit</span> <span class='ocrx_word' id='word_1_203' title='bbox 599 2806 676 2863; x_wconf 92' lang='lat' dir='ltr'>enim</span> <span class='ocrx_word' id='word_1_204' title='bbox 687 2816 746 2863; x_wconf 88' lang='lat' dir='ltr'>tam</span> <span class='ocrx_word' id='word_1_205' title='bbox 757 2806 814 2864; x_wconf 92' lang='lat' dir='ltr'>diu.</span> <span class='ocrx_word' id='word_1_206' title='bbox 860 2826 885 2864; x_wconf 87' lang='lat'>2.</span> <span class='ocrx_word' id='word_1_207' title='bbox 901 2804 1065 2864; x_wconf 92' lang='lat' dir='ltr'>Consilium</span> 
     </span>
     <span class='ocr_line' id='line_1_27' title="bbox 127 2903 1066 2981; baseline -0.004 -15"><span class='ocrx_word' id='word_1_208' title='bbox 127 2916 260 2966; x_wconf 91' lang='lat' dir='ltr'>nostrum</span> <span class='ocrx_word' id='word_1_209' title='bbox 284 2922 369 2980; x_wconf 91' lang='lat' dir='ltr'>spero</span> <span class='ocrx_word' id='word_1_210' title='bbox 393 2922 516 2963; x_wconf 92' lang='lat' dir='ltr'>vacuum</span> <span class='ocrx_word' id='word_1_211' title='bbox 538 2904 665 2981; x_wconf 92' lang='lat' dir='ltr'>periculo</span> <span class='ocrx_word' id='word_1_212' title='bbox 686 2903 765 2975; x_wconf 81' lang='lat' dir='ltr'>fore3</span> <span class='ocrx_word' id='word_1_213' title='bbox 792 2921 860 2960; x_wconf 91' lang='lat' dir='ltr'>nam</span> <span class='ocrx_word' id='word_1_214' title='bbox 882 2913 909 2961; x_wconf 91' lang='lat' dir='ltr'>et</span> <span class='ocrx_word' id='word_1_215' title='bbox 930 2904 1066 2962; x_wconf 91' lang='lat' dir='ltr'>dissimu-</span> 
     </span>
     <span class='ocr_line' id='line_1_28' title="bbox 127 3000 1065 3078; baseline -0.002 -15"><span class='ocrx_word' id='word_1_216' title='bbox 127 3005 248 3063; x_wconf 90' lang='lat' dir='ltr'>lavimus</span> <span class='ocrx_word' id='word_1_217' title='bbox 266 3013 303 3073; x_wconf 88' lang='lat' dir='ltr'>et,</span> <span class='ocrx_word' id='word_1_218' title='bbox 318 3013 350 3060; x_wconf 90' lang='lat' dir='ltr'>ut</span> <span class='ocrx_word' id='word_1_219' title='bbox 367 3003 479 3078; x_wconf 87' lang='lat' dir='ltr'>opinor,</span> <span class='ocrx_word' id='word_1_220' title='bbox 494 3002 630 3060; x_wconf 89' lang='lat' dir='ltr'>acerrime</span> <span class='ocrx_word' id='word_1_221' title='bbox 645 3001 866 3059; x_wconf 87' lang='lat' dir='ltr'>adservabimus.</span> <span class='ocrx_word' id='word_1_222' title='bbox 909 3000 1065 3076; x_wconf 86' lang='lat' dir='ltr'>Navigatio</span> 
     </span>
     <span class='ocr_line' id='line_1_29' title="bbox 127 3099 1067 3176; baseline -0.003 -14"><span class='ocrx_word' id='word_1_223' title='bbox 127 3103 218 3162; x_wconf 93' lang='lat' dir='ltr'>modo</span> <span class='ocrx_word' id='word_1_224' title='bbox 238 3102 281 3171; x_wconf 87' lang='lat' dir='ltr'>sit,</span> <span class='ocrx_word' id='word_1_225' title='bbox 296 3100 411 3176; x_wconf 87' lang='lat' dir='ltr'>qualem</span> <span class='ocrx_word' id='word_1_226' title='bbox 429 3111 509 3175; x_wconf 90' lang='lat' dir='ltr'>opt0‚</span> <span class='ocrx_word' id='word_1_227' title='bbox 524 3110 626 3170; x_wconf 87' lang='lat' dir='ltr'>cetera,</span> <span class='ocrx_word' id='word_1_228' title='bbox 641 3117 715 3174; x_wconf 92' lang='lat' dir='ltr'>quae</span> <span class='ocrx_word' id='word_1_229' title='bbox 730 3099 847 3174; x_wconf 89' lang='lat' dir='ltr'>quidem</span> <span class='ocrx_word' id='word_1_230' title='bbox 865 3100 985 3158; x_wconf 93' lang='lat' dir='ltr'>consilio</span> <span class='ocrx_word' id='word_1_231' title='bbox 999 3119 1067 3176; x_wconf 90' lang='lat' dir='ltr'>pro·</span> 
     </span>
     <span class='ocr_line' id='line_1_30' title="bbox 128 3196 1066 3276; baseline -0.002 -17"><span class='ocrx_word' id='word_1_232' title='bbox 128 3201 218 3260; x_wconf 90' lang='lat' dir='ltr'>videri</span> <span class='ocrx_word' id='word_1_233' title='bbox 245 3207 389 3276; x_wconf 90' lang='lat' dir='ltr'>poterunt,</span> <span class='ocrx_word' id='word_1_234' title='bbox 416 3199 599 3255; x_wconf 85' lang='lat' dir='ltr'>cavebuntur.</span> <span class='ocrx_word' id='word_1_235' title='bbox 643 3197 699 3266; x_wconf 90' lang='lat' dir='ltr'>Tu,</span> <span class='ocrx_word' id='word_1_236' title='bbox 729 3197 798 3253; x_wconf 91' lang='lat' dir='ltr'>dum</span> <span class='ocrx_word' id='word_1_237' title='bbox 827 3196 974 3266; x_wconf 88' lang='lat' dir='ltr'>adsumus,</span> <span class='ocrx_word' id='word_1_238' title='bbox 1003 3216 1066 3257; x_wconf 93' lang='lat' dir='ltr'>non</span> 
     </span>
     <span class='ocr_line' id='line_1_31' title="bbox 129 3293 1065 3373; baseline -0.004 -16"><span class='ocrx_word' id='word_1_239' title='bbox 129 3299 219 3357; x_wconf 90' lang='lat' dir='ltr'>modo</span> <span class='ocrx_word' id='word_1_240' title='bbox 233 3315 307 3373; x_wconf 88' lang='lat' dir='ltr'>quae</span> <span class='ocrx_word' id='word_1_241' title='bbox 322 3295 418 3354; x_wconf 92' lang='lat' dir='ltr'>scieris</span> <span class='ocrx_word' id='word_1_242' title='bbox 433 3294 599 3363; x_wconf 88' lang='lat' dir='ltr'>audierisve,</span> <span class='ocrx_word' id='word_1_243' title='bbox 615 3293 667 3350; x_wconf 83' lang='lat' dir='ltr'>sed</span> <span class='ocrx_word' id='word_1_244' title='bbox 685 3294 771 3350; x_wconf 91' lang='lat' dir='ltr'>etiam</span> <span class='ocrx_word' id='word_1_245' title='bbox 789 3310 864 3368; x_wconf 90' lang='lat' dir='ltr'>quae</span> <span class='ocrx_word' id='word_1_246' title='bbox 884 3293 978 3351; x_wconf 85' lang='lat' dir='ltr'>futura</span> <span class='ocrx_word' id='word_1_247' title='bbox 997 3313 1065 3369; x_wconf 93' lang='lat' dir='ltr'>pro·</span> 
     </span>
     <span class='ocr_line' id='line_1_32' title="bbox 129 3388 1065 3467; baseline -0.003 -13"><span class='ocrx_word' id='word_1_248' title='bbox 129 3396 239 3456; x_wconf 91' lang='lat' dir='ltr'>videbis</span> <span class='ocrx_word' id='word_1_249' title='bbox 255 3395 361 3453; x_wconf 88' lang='lat' dir='ltr'>scribas</span> <span class='ocrx_word' id='word_1_250' title='bbox 375 3393 469 3451; x_wconf 89' lang='lat' dir='ltr'>velim.</span> <span class='ocrx_word' id='word_1_251' title='bbox 511 3410 539 3467; x_wconf 79' lang='lat'>3.</span> <span class='ocrx_word' id='word_1_252' title='bbox 561 3389 644 3460; x_wconf 89' lang='lat' dir='ltr'>Cat0,</span> <span class='ocrx_word' id='word_1_253' title='bbox 658 3391 706 3466; x_wconf 91' lang='lat' dir='ltr'>qui</span> <span class='ocrx_word' id='word_1_254' title='bbox 727 3388 852 3448; x_wconf 90' lang='lat' dir='ltr'>Siciliam</span> <span class='ocrx_word' id='word_1_255' title='bbox 871 3399 968 3451; x_wconf 89' lang='lat' dir='ltr'>tenere</span> <span class='ocrx_word' id='word_1_256' title='bbox 985 3392 1065 3451; x_wconf 88' lang='lat' dir='ltr'>nullo</span> 
     </span>
    </p>
   </div>
   <div class='ocr_carea' id='block_1_6' title="bbox 0 0 1196 3810">
    <p class='ocr_par' dir='ltr' id='par_1_6' title="bbox 0 0 1196 3810">
     <span class='ocr_line' id='line_1_33' title="bbox 0 0 1196 3810; baseline 0 0"><span class='ocrx_word' id='word_1_257' title='bbox 0 0 1196 3810; x_wconf 95' lang='lat' dir='ltr'> </span> 
     </span>
    </p>
   </div>
  </div>
 </body>
</html>
