2356 3810
117 227 177 291 228
382 237 421 288 M.
447 236 566 285 runnu
588 237 775 286 cruaxours
944 223 1014 311 [rm
1029 241 1061 287 v.
1106 227 1109 231 ’

116 414 205 466 meaS,
221 396 245 455 si
258 394 349 453 modo
364 404 431 453 sunt
444 395 555 470 aliquae
575 413 666 465 meae,
681 394 781 452 laudes
800 392 838 452 ad
852 403 880 452 te
895 394 1059 453 transfude-

116 493 178 564 rim,
193 511 281 568 quam
298 492 422 567 aliquam
437 501 548 568 partem
565 493 746 551 exhauserim
760 511 797 551 ex
812 493 884 550 tuis:
906 511 976 550 nam
991 511 1061 551 cum
1088 475 1093 483 ⁹

115 602 143 649 te
178 609 292 668 semper
326 599 438 648 tantum
474 591 631 663 dilexerim,
660 601 803 667 quantum
830 600 862 650 tu
890 591 1060 666 intellegere

114 690 240 765 potuisti,
255 698 316 746 tum
331 688 375 746 his
389 690 446 747 tuis
460 689 541 747 factis
561 690 602 748 sic
617 691 752 748 incensus
772 707 846 759 sum,
861 697 893 749 ut
907 688 978 747 nihil
993 707 1059 747 um-

114 804 202 861 quam
225 788 255 843 in
283 801 382 844 amore
406 786 491 844 fuerit
515 787 678 858 ardentius;
711 787 782 845 nihil
806 796 849 845 est
873 787 961 857 enim,
985 787 1059 846 mihi

114 886 208 955 crede,
229 885 328 943 virtute
350 884 513 955 formosius,
535 885 605 942 nihil
625 885 779 960 pulchrius,
801 884 872 943 nihil
894 885 1056 943 amabilius.

116 995 142 1053 5.
165 981 284 1058 Semper
305 985 406 1052 amavi,
421 993 453 1041 ut
474 983 537 1053 scis,
554 981 595 1039 M.
612 982 734 1041 Brutum
755 992 874 1058 propter
895 983 957 1042 eius
979 1001 1058 1041 sum·

114 1097 195 1137 mum
209 1080 366 1154 ingenium,
378 1080 563 1139 suavissimos
577 1098 681 1150 mores,
694 1080 870 1156 singularem
881 1081 1057 1156 probitatem

114 1187 200 1252 atque
214 1179 423 1237 constantiam:
444 1188 543 1237 tamen
558 1179 658 1236 Idibus
673 1177 787 1237 Martiis
800 1187 914 1238 tantum
933 1180 1057 1239 accessit

115 1276 154 1333 ad
166 1293 304 1348 amorem,
319 1285 351 1334 ut
369 1277 486 1335 mirarer
500 1276 597 1335 locum
611 1276 700 1336 fuisse
719 1277 845 1353 augendi
863 1278 894 1334 in
913 1295 960 1348 e0,
976 1276 1057 1354 quod

114 1374 185 1431 mihi
198 1375 256 1432 iam
270 1376 383 1449 pridem
403 1375 580 1433 cumulatum
598 1376 687 1434 etiam
700 1376 857 1435 videbatur.
900 1374 976 1447 Quis
996 1386 1057 1435 erat

114 1473 164 1546 qui
188 1481 300 1547 putaret
328 1472 365 1530 ad
389 1490 457 1529 eum
485 1490 625 1544 amorem,
646 1492 734 1549 quem
757 1492 826 1549 erga
847 1482 876 1531 te
899 1472 1055 1544 habebam,

115 1587 203 1644 posse
218 1569 325 1644 aliquid
342 1569 500 1627 accedere?
542 1570 672 1629 Tantum
692 1572 820 1642 accessit,
836 1581 867 1629 ut
885 1570 957 1629 mihi
972 1589 1055 1630 nunc

116 1666 240 1741 denique
261 1684 358 1724 amare
379 1665 484 1736 videar,
506 1677 591 1726 antea
612 1668 753 1727 dilexisse.
797 1670 823 1726 6.
845 1667 913 1739 Qua
933 1687 965 1726 re
986 1668 1056 1745 quid

116 1773 160 1822 est
185 1764 265 1841 quod
289 1783 345 1840 ego
367 1773 395 1822 te
416 1764 521 1836 horter,
543 1776 574 1824 ut
595 1766 726 1841 dignitati
747 1775 776 1825 et
796 1766 905 1842 gloriae
928 1767 1056 1826 servias?

42 1899 45 1922 ÷
116 1862 283 1937 Proponam
302 1862 354 1920 tibi
374 1861 467 1921 claros
487 1864 571 1935 viros,
587 1864 666 1939 quod
687 1863 782 1922 facere
802 1865 905 1936 solent,
920 1866 971 1941 qui
990 1865 1056 1925 hor-

116 1962 230 2019 tantur?
259 1961 406 2018 neminem
428 1960 522 2019 habeo
545 1961 694 2019 clariorem
719 1980 806 2038 quam
831 1972 859 2021 te
883 1963 1000 2038 ipsum;
1027 1975 1056 2022 te

116 2061 226 2118 imitere
247 2068 371 2135 oportet,
388 2070 485 2121 tecum
506 2062 568 2135 ipse
590 2071 701 2119 certes:
722 2079 759 2119 ne
780 2061 845 2120 licet
865 2063 985 2138 quidem
1006 2062 1056 2121 tibi

117 2159 174 2217 iam
191 2159 276 2216 tantis
296 2158 382 2216 rebus
403 2158 491 2233 gestis
514 2175 576 2215 non
595 2159 636 2216 tui
658 2159 780 2217 similem
800 2177 872 2218 esse.
916 2172 943 2233 7.
966 2160 1057 2232 Quod

117 2274 184 2314 cum
198 2257 237 2313 ita
250 2256 294 2325 sit,
306 2255 429 2314 hortatio
443 2273 504 2313 non
519 2265 563 2314 est
576 2257 747 2328 necessaria,
758 2258 948 2333 gratulatione
962 2260 1057 2334 magis

116 2353 257 2412 utendum
283 2363 346 2412 est:
362 2395 365 2400 -
381 2353 502 2430 contigit
530 2353 608 2413 enim
636 2354 687 2412 tibi
714 2355 794 2432 quod
821 2355 899 2414 haud
927 2357 990 2414 scio
1017 2375 1056 2415 an

67 2530 69 2535 Ι
118 2453 235 2520 nemini,
256 2461 287 2509 ut
311 2470 425 2510 summa
449 2453 583 2511 severitas
605 2453 862 2512 animadversionis
881 2471 944 2511 non
964 2455 1058 2515 modo

118 2567 180 2608 non
203 2549 352 2617 invidiosa,
374 2549 425 2607 sed
451 2550 537 2608 etiam
561 2551 709 2626 popularis
731 2559 807 2609 esset
828 2560 858 2609 et
880 2569 948 2609 cum
969 2553 1058 2613 bonis

119 2647 254 2706 omnibus
275 2656 337 2704 tum
351 2647 451 2705 infimo
472 2647 575 2723 cuique
592 2649 761 2723 gratissima.
804 2649 874 2708 Hoc
896 2650 920 2708 si
934 2651 987 2708 tibi
1001 2651 1058 2712 ior-

119 2757 190 2804 tuna
213 2744 340 2821 quadam
363 2745 539 2821 contigisset,
560 2745 715 2821 gratularer
739 2746 864 2804 felicitati
888 2755 973 2821 tuae;
1007 2751 1060 2810 sed

120 2842 240 2916 contigit
255 2843 455 2917 magnitudine
475 2861 543 2901 curn
562 2844 650 2901 animi
665 2851 727 2901 tum
746 2845 834 2902 etiam
847 2845 956 2920 ingenii
971 2858 1059 2924 atque

121 2940 251 3012 consilii;
272 2940 329 3015 legi
344 2942 421 2998 enirn
435 2941 603 2999 contionem
617 2952 712 3000 tuam:
734 2942 803 3000 nihil
817 2942 864 3000 illa
883 2945 1043 3019 sapientius
1051 2967 1059 3019 3

121 3041 160 3098 ita
171 3038 376 3114 pedetemptim
390 3047 419 3096 et
432 3038 574 3114 gradatim
589 3049 650 3097 tum
665 3058 800 3098 accessus
814 3049 874 3098 ate
888 3041 926 3098 ad
940 3060 1061 3103 causam

122 3135 197 3206 sacti,
208 3145 269 3194 tum
283 3154 422 3207 recessus,
433 3147 465 3195 ut
478 3155 523 3195 res
534 3138 596 3212 ipsa
610 3138 800 3195 maturitatem
814 3138 864 3196 tibi
879 3139 1063 3200 animadver-

122 3233 201 3292 tendi
228 3236 358 3293 omnium
386 3253 528 3293 concessu
556 3236 644 3294 daret.
695 3237 722 3291 8.
748 3234 890 3294 Liberasti
918 3237 1005 3313 igitur
1032 3253 1062 3300 et

122 3332 224 3390 urbem
234 3332 361 3408 periculo
376 3341 404 3391 et
417 3333 557 3391 civitatem
572 3344 659 3402 metu,
672 3351 766 3408 neque
781 3333 876 3391 solum
891 3334 929 3392 ad
943 3346 1060 3414 tempus

123 3430 280 3490 maximam
307 3431 456 3490 utilitatem
483 3431 609 3503 attulisti,
634 3431 686 3490 sed
709 3431 795 3489 etiam
819 3431 857 3490 ad
884 3434 1059 3510 exemplum.
