2348 3788
55 212 100 274 up.
114 220 153 274 74,
167 198 222 281 7'5.]
260 208 373 259 aaran
396 208 446 257 aa
467 209 687 259 ramulanae
708 211 782 259 arv.
806 211 835 280 7.
936 212 997 284 173

55 360 175 435 negotio
200 361 301 435 potuit,
323 370 360 432 et,
382 359 406 418 si
430 360 579 430 tenuisset,
600 377 703 418 omnes
726 360 797 418 boni
819 360 857 419 ad
877 379 945 419 eum
965 364 997 419 se'

56 457 256 527 contulissent,
279 458 426 533 Syracusis
446 457 600 533 profectus
615 467 659 516 est
680 467 748 516 ante
774 459 850 516 diem
876 477 936 517 v111.
958 458 997 517 K.

56 555 139 624 Mat,
149 565 181 612 ut
195 555 232 612 ad
246 573 293 612 me
308 554 397 613 Curio
412 555 533 631 scripsit.
575 553 703 624 Utinam,
715 555 795 631 quod
810 557 896 626 aiunt,
912 557 998 616 Cotta

58 651 222 710 Sardiniam
236 653 349 709 teneatl
368 661 411 708 est
425 652 503 708 enim
516 669 623 709 rumor.
655 649 692 720 0,
702 652 726 709 si
740 652 770 710 id
783 651 875 724 fuerit,
884 663 999 729 turpem

58 748 222 807 Catonem!
258 767 284 820 4.
304 748 379 824 Ego,
390 759 422 808 ut
435 749 596 806 minuerem
611 749 799 824 suspitionem
813 750 999 825 profectionis

58 857 109 905 aut
124 847 306 923 cogitationis
321 864 411 916 meae,
422 846 568 921 proiectus
582 837 646 904 suin
661 846 691 903 in
705 845 918 921 Pompeianum
932 867 957 907 a.
971 850 998 908 d.

59 964 112 1003 uu.
135 945 213 1014 idus,
235 956 267 1001 ut
287 944 326 1001 ibi
347 962 450 1013 essem,
469 943 539 1002 dum
560 962 635 1018 quae
656 943 694 1001 ad
711 945 906 1020 navigandum
924 965 999 1023 opus

60 1051 159 1100 essent
179 1051 355 1116 pararentur.
398 1040 474 1100 Cum
492 1041 530 1099 ad
544 1041 639 1098 villam
653 1041 805 1111 venissem,
820 1053 938 1102 ventum
957 1055 1000 1104 est

61 1141 98 1198 ad
110 1159 175 1197 me:
199 1140 381 1198 centuriones
394 1140 480 1197 trium
495 1139 666 1208 cohortium,
676 1157 750 1215 quae
764 1139 911 1216 Pompeiis
925 1155 999 1214 sunt,

62 1259 110 1297 me
138 1240 209 1298 velle
237 1240 376 1315 postridie
406 1234 702 1318 [convenirel-haec
730 1256 846 1296 mecum
874 1239 1000 1299 Ninnius

62 1348 209 1408 noster-3
232 1338 303 1395 velle
322 1355 373 1394 eos
392 1337 462 1394 mihi
482 1355 512 1394 se
531 1345 560 1393 et
574 1335 714 1410 oppidum
729 1337 848 1395 tradere.
890 1339 930 1396 At
943 1358 1000 1415 ego

62 1437 114 1494 tibi
137 1436 274 1511 postridie
295 1454 313 1492 a
333 1435 398 1492 villa
419 1445 486 1492 ante
506 1435 609 1504 lucem,
631 1444 662 1491 ut
682 1453 730 1492 me
754 1436 877 1494 omnino
901 1437 940 1494 illi
963 1456 1001 1494 ne

63 1536 198 1592 viderent.
242 1533 322 1605 Quid
338 1535 416 1591 enim
436 1542 496 1592 erat
515 1533 545 1590 in
565 1533 655 1591 tribus
676 1533 862 1591 cohortibus?
884 1535 962 1610 quid,
978 1537 1002 1594 si

64 1634 179 1709 plures?
200 1651 259 1708 quo
274 1633 433 1708 apparatui
455 1631 579 1707 cogitavi
593 1631 696 1689 eadem
711 1632 758 1689 illa
772 1631 916 1705 Caeliana,
928 1652 1002 1708 quae

64 1732 122 1806 legi
140 1732 170 1788 in
190 1731 311 1808 epistola
330 1739 387 1800 tua,
403 1749 490 1807 quam
509 1729 618 1804 accepi,
634 1729 717 1788 simul
737 1739 766 1788 et
786 1731 816 1788 in
837 1729 1002 1790 Cumanum

64 1831 138 1899 veni,
154 1830 259 1888 eodem
274 1829 330 1899 die,
343 1837 372 1885 et
388 1823 498 1907 [simul]
514 1827 574 1884 fieri
590 1820 711 1902 poterat,
726 1837 758 1885 ut
779 1838 1001 1903 temptaremur;

65 1945 185 1985 omnem
210 1927 295 2002 igitur
319 1926 507 2001 suspitionem
532 1924 640 1983 sustuli.
684 1938 711 1997 5.
737 1924 795 1983 Sed
817 1926 886 1983 dum
906 1928 1002 1999 redeo,

65 2025 241 2084 Hortensius
252 2034 377 2093 venerat,
386 2033 415 2081 et
428 2024 466 2080 ad
480 2022 647 2081 Terentiam
663 2021 816 2080 salutatum
831 2023 1001 2097 deverterat;

66 2141 202 2182 sermone
217 2133 276 2180 erat
290 2139 359 2180 usus
379 2121 540 2179 honorifico
559 2138 628 2194 erga
646 2138 702 2178 me.
746 2120 861 2179 Tamen
882 2139 957 2192 eum,
973 2135 1004 2182 ut

66 2232 146 2296 puto,
162 2220 265 2277 videbo
274 2238 282 2289 ;
304 2219 381 2276 misit
400 2219 477 2276 enim
493 2235 614 2293 puerum
629 2235 660 2275 se
675 2217 712 2274 ad
726 2236 773 2274 me
787 2219 891 2277 venire.
934 2220 1003 2280 Hoc

67 2315 185 2394 quidem
199 2318 300 2376 melius
315 2335 403 2392 quam
421 2316 533 2390 collega
551 2325 649 2372 noster
662 2315 816 2385 Antonius,
831 2317 911 2375 cuius
930 2318 1004 2378 inter

66 2417 181 2474 lictores
195 2415 296 2472 lectica
310 2414 398 2470 mima
411 2422 549 2488 portatur.
592 2413 619 2468 6.
642 2411 698 2483 Tu,
714 2413 851 2488 quoniam
866 2426 1005 2489 quartana

68 2531 157 2582 careS,
179 2523 207 2569 et
231 2512 339 2569 nedum
367 2529 474 2568 novum
501 2511 637 2568 morbum
664 2510 818 2581 removisti,
839 2513 891 2570 sed
918 2514 1004 2573 etiam

67 2610 260 2685 gravedinem,
277 2618 305 2666 te
326 2618 461 2682 vegetum
481 2608 567 2666 nobis
587 2607 617 2665 in
637 2606 760 2668 Graecia
779 2608 855 2679 siste,
870 2617 899 2667 et
917 2609 1005 2670 litter-

67 2725 151 2767 arum
165 2707 272 2785 aliquid
285 2707 402 2765 interea

252 2902 297 2955 75.
339 2896 397 2954 AD
417 2894 668 2954 FAMILIARES
690 2895 771 2956 XIV.
794 2900 822 2956 7.

83 3052 148 3114 Scn.
170 3072 201 3113 nv
220 3071 316 3113 ronru
337 3051 491 3112 Crmrauo
511 3070 588 3112 nava
608 3069 775 3122 conscensu,
796 3069 845 3111 vn.
867 3070 905 3111 m.
927 3051 992 3114 Iure.
1089 3036 1091 3042 ¹

100 3180 183 3221 auc.
201 3175 267 3236 705.
308 3178 432 3220 amerus
452 3177 617 3219 ranarum
637 3178 710 3218 surr
730 3177 969 3219 sar.rrun1uau

114 3311 139 3352 1.
161 3291 263 3351 Onnes
296 3291 446 3350 molestias¹
477 3298 506 3348 et
540 3288 753 3357 sollicitudines,
784 3288 889 3362 quibus
921 3297 950 3346 et
976 3298 1006 3348 te

70 3391 259 3449 miserrimam
283 3389 380 3462 habui,
402 3387 432 3448 id
453 3387 533 3466 quod
557 3387 628 3444 mihi
647 3386 882 3445 molestissimum
906 3396 958 3457 est,
982 3395 1008 3448 el

10 3686 217 3760 A
