2348 3788
74 197 238 290 Bonas]
325 214 437 270 error.
459 215 509 264 au
530 215 696 265 arricum
714 217 747 271 x,
770 203 789 268 8
812 218 845 272 a.
955 218 1013 287 171

73 390 137 430 non
152 391 216 430 sum
231 372 382 431 arbitratus
402 391 466 432 esse
485 373 570 431 amici
588 390 649 432 non
669 373 844 432 commoveri
863 374 949 433 etiarn
963 374 1016 431 im-

75 471 235 545 proborum
250 489 394 541 sennone,
409 481 495 546 atque
511 489 547 529 eo
562 471 616 530 feci
632 472 796 543 studiosius,
811 472 892 547 quod
906 472 1015 530 iudica-

74 572 142 628 bam
165 570 296 628 duriores
320 580 416 645 partes
438 570 509 626 mihi
533 571 683 645 impositas
705 587 770 629 esse
793 571 830 628 ab
852 570 1014 630 offensione

73 678 181 737 nostra,
196 685 270 743 quae
285 668 378 742 magis
398 685 415 724 a
434 667 577 743 zelotypia
597 685 663 725 mea
681 684 770 743 quarn
787 669 824 726 ab
845 669 946 725 iniuria
964 680 1014 726 tua

72 777 141 823 nata
160 776 212 822 est.
257 764 304 822 Sic
325 765 404 822 enim
424 764 491 822 volo
512 775 540 822 te
561 765 613 823 tibi
634 766 816 840 persuadere,
830 765 901 824 mihi
922 768 1014 825 nemi-

73 882 141 920 nem
166 881 230 921 esse
255 863 396 920 cariorem
418 871 447 920 te
469 873 594 936 excepto
615 861 740 920 Caesare
760 881 835 934 me0,
858 862 1014 923 Caesarem

72 961 199 1017 maxime
216 961 246 1017 in
263 960 323 1018 suis
342 958 385 1016 M.
401 958 574 1018 Ciceronem
593 977 742 1035 reponere.
786 980 812 1018 2.
834 959 903 1032 Qua
919 980 958 1032 re,
973 964 1013 1020 mi

72 1059 186 1128 Cicero,
208 1069 236 1116 te
254 1076 336 1133 rogo,
351 1067 382 1115 ut
401 1058 452 1116 tibi
473 1058 573 1116 omnia
590 1059 702 1133 integra
722 1076 825 1129 serves,
843 1061 905 1118 eius
925 1059 1012 1118 fidem

71 1159 228 1232 improbes
255 1157 304 1231 qui
329 1155 389 1225 tibi,
414 1166 445 1212 ut
469 1155 642 1213 beneficium
666 1154 755 1226 daret,
777 1155 856 1232 prius
879 1157 1013 1216 iniuriam

71 1255 147 1324 fecit,
163 1265 264 1311 contra
281 1271 319 1310 ne
339 1251 496 1327 profugias,
511 1253 561 1328 qui
579 1263 616 1322 te,
632 1253 685 1311 etsi
704 1271 764 1311 non
785 1255 1013 1331 amabit-quod

72 1352 205 1410 accidere
231 1369 292 1408 non
317 1358 461 1425 potest-,
486 1360 585 1407 tamen
610 1350 720 1408 salvum
744 1351 1012 1429 amplissimumque

71 1469 136 1508 esse
151 1450 256 1523 cupiet.
296 1448 403 1506 Dedita
416 1465 505 1522 opera
519 1448 556 1506 ad
573 1458 601 1505 te
616 1446 813 1524 Calpurnium,
827 1448 1011 1510 familiarissi-

71 1566 154 1604 mum
174 1565 281 1617 meum,
300 1545 373 1615 misi,
393 1555 425 1603 ut
444 1545 515 1602 mihi
533 1563 657 1622 magnae
676 1563 762 1605 curae
780 1557 859 1605 tuam
872 1548 960 1606 vitam
976 1566 1011 1607 ac

70 1644 241 1718 dignitatem
255 1661 319 1702 esse
334 1639 440 1701 scires!

112 1741 227 1799 Eodem
251 1741 298 1801 die
321 1759 339 1800 a
362 1739 487 1801 Caesare
511 1741 682 1802 Philotimus
706 1743 813 1803 litteras
838 1743 930 1803 attulit
952 1743 1010 1805 hoc

69 1839 216 1916 exemplo.

285 2000 333 2056 73.
374 1995 432 2055 AD
453 1995 647 2055 ATTICUM
667 1996 704 2056 X.
724 2000 742 2056 8
764 1997 798 2058 B.

257 2113 384 2171 ‘causan
404 2129 463 2169 nra.
483 2129 544 2170 sar..
564 2129 592 2170 n.
614 2129 747 2172 merrom
767 2131 826 2172 nm.

114 2245 139 2286 r.
154 2226 225 2285 Ersr
239 2235 268 2284 te
281 2225 351 2283 nihil
364 2236 481 2297 temere,
491 2225 561 2283 nihil
574 2227 771 2301 imprudenter
782 2227 924 2286 facturum
934 2227 1007 2288 iudi·

69 2344 176 2394 caram,
192 2337 290 2382 tamen
309 2335 458 2399 permotus
472 2322 624 2381 hominum
638 2323 717 2382 fama
731 2324 915 2383 scribendum
929 2327 967 2386 ad
980 2337 1009 2386 te

69 2422 228 2481 exisrimavi
249 2433 277 2479 et
297 2439 351 2495 pro
372 2430 472 2478 nostra
492 2421 693 2479 benevolentia
713 2423 879 2497 petendum,
898 2442 1009 2501 nequo

69 2519 282 2597 progredereris
297 2518 456 2594 proclinata
470 2518 527 2575 iam
542 2537 581 2588 re,
591 2536 650 2594 quo
664 2519 777 2595 integra
791 2521 877 2578 etiam
891 2539 1009 2597 progre-

69 2619 207 2677 diendum
222 2618 272 2674 tibi
287 2634 347 2673 non
362 2616 574 2687 existimasses;
596 2634 722 2692 namque
737 2627 766 2675 et
784 2619 924 2678 amicitiae
943 2639 1008 2695 gra-

68 2718 178 2774 viorem
199 2714 331 2772 iniuriam
353 2712 454 2771 feceris
476 2723 504 2772 et
525 2714 576 2771 tibi
599 2715 696 2772 minus
720 2716 876 2774 commode
901 2735 1008 2776 consu·

68 2816 163 2884 lucris,
184 2815 208 2873 si
229 2831 290 2871 non
308 2812 441 2872 fortunae
459 2813 617 2871 obsecutus
637 2813 910 2874 videbere—omnia
928 2819 1008 2877 enirn

69 2913 279 2972 secundissima
293 2911 387 2981 nobis,
396 2911 598 2970 adversissima
610 2910 663 2968 illis
678 2911 817 2970 accidisse
828 2913 1006 2985 videntur—,

68 3030 124 3070 nec
139 3029 256 3069 causam
270 3009 530 3067 secutus-eadem
544 3009 623 3066 enim
636 3018 698 3066 tum
708 3008 768 3079 fuit,
780 3028 846 3068 cum
857 3012 894 3068 ab
905 3031 1006 3072 eorum

68 3110 196 3168 consiliis
221 3108 322 3165 abesse
350 3106 529 3176 iudicasti—‚
551 3105 603 3164 sed
631 3125 730 3164 meum
757 3107 874 3182 aliquod
898 3109 1007 3168 facturn

68 3205 318 3276 condemnavisse,
346 3221 405 3279 quo
433 3204 503 3262 mihi
531 3204 644 3279 gravius
673 3205 725 3262 abs
752 3216 780 3264 te
808 3206 848 3263 nil
876 3208 1006 3266 accidere

68 3315 181 3382 potest;
206 3303 286 3379 quod
307 3321 344 3360 ne
364 3301 461 3372 facias,
484 3321 538 3378 pro
559 3302 619 3359 iure
640 3313 756 3361 nostrae
777 3304 918 3362 amicitiae
940 3323 957 3363 a
977 3315 1006 3364 te

67 3417 145 3482 pet0.
190 3422 216 3462 2.
240 3401 399 3473 Postremo,
417 3402 488 3479 quid
511 3402 676 3462 virobono
703 3411 732 3462 et
756 3404 853 3481 quieto
873 3414 902 3464 et
925 3405 1006 3464 bono
