2348 3788
142 202 182 254 M.
206 202 325 252 TULLII
347 199 533 252 CICERONIS
554 203 609 252 ΕΡ.
625 202 675 251 An
688 201 769 253 ATT.
789 202 850 253 VII.
870 197 919 253 ΪῙ.
954 204 1012 271 127

67 380 211 438 umquam
225 367 270 418 τοῦ
285 365 364 416 καλοῦ
377 360 495 419 videritl
537 358 635 436 Atque
648 359 721 419 haec
743 360 781 418 ait
802 360 901 419 omnia
918 360 1011 419 facere

68 478 101 517 se
130 458 276 534 dignitatis
304 477 401 516 causa.
443 458 502 516 Ubi
530 468 573 516 est
601 467 698 516 autem
727 459 851 534 dignitas
879 459 934 517 nisi
961 459 1011 516 ubi

67 557 223 615 honestas?
239 555 399 614 honestum
412 557 498 631 igitur
509 555 614 613 habere
629 555 786 614 exercitum
800 555 879 614 nullo
894 556 1011 631 publico

67 655 211 713 consilio?
236 672 379 729 occupare
401 655 488 711 urbes
515 653 628 722 civium,
650 670 709 728 quo
731 652 840 710 facilior
861 653 897 711 sit
918 653 1011 710 aditus

68 754 107 811 ad
129 751 270 828 patriam?
304 758 389 826 χρεῶν
412 753 549 822 ἀποκοπάς,
575 752 699 824 φυγάδων
722 751 854 823 mediove,
879 763 1012 810 sescenta

67 849 125 907 alia
140 849 248 908 scelera
262 849 364 919 moliri,
848 840 849 843 ’

183 998 185 1002 ⁴
247 951 293 1014 τὴν
305 952 364 1000 θεῶν
375 949 494 1014 μεγίστην
504 949 563 1000 ὥστ’
574 951 641 1014 ἔχειν
653 949 832 1017 τυραννίδα-Ρ

69 1046 130 1105 Sibi
158 1045 263 1104 habeat
290 1063 373 1103 suam
402 1044 564 1102 fortunam!
602 1062 690 1102 unam
723 1044 887 1105 mehercule
914 1055 1011 1105 tecum

70 1143 280 1219 apricationem
294 1142 324 1198 in
338 1141 386 1198 illo
400 1140 538 1199 lucrativo
553 1153 602 1199 tuo
617 1142 678 1200 sole
692 1143 791 1200 malim
805 1160 893 1218 quarn
912 1145 1011 1201 omnia

68 1243 151 1300 istius
172 1240 252 1298 modi
273 1257 372 1314 regna,
393 1235 438 1296 v'el
462 1239 558 1315 potius
586 1239 661 1297 mori
681 1240 783 1298 millies
803 1258 893 1315 quam
921 1240 1010 1298 semel

68 1341 150 1397 istius
171 1337 252 1395 modi
273 1337 430 1414 quicquam
451 1337 585 1412 cogitare.
631 1356 656 1395 2.
687 1336 784 1410 ‘Quid
809 1337 833 1395 si
853 1347 885 1395 tu
906 1336 1011 1397 velis?’

67 1437 173 1514 inquis.
215 1435 280 1510 Age
294 1435 359 1510 quis
374 1443 424 1504 est,
440 1434 486 1492 cui
500 1435 571 1493 velle
585 1453 646 1494 non
660 1435 764 1494 liceat?
806 1434 864 1492 Sed
883 1453 939 1510 ego
953 1435 1010 1493 hoc

68 1539 168 1612 ipsum
191 1532 262 1590 velle
284 1532 415 1590 miserius
437 1550 501 1591 esse
526 1533 603 1592 duco
628 1552 716 1609 quam
739 1533 770 1591 in
795 1551 910 1591 crucem
934 1533 1011 1603 tolli;

67 1651 129 1690 una
147 1648 192 1689 res
211 1640 254 1688 est
273 1648 308 1687 ea
328 1630 466 1701 miserior,
483 1630 603 1706 adipisci
624 1631 704 1706 quod
724 1631 765 1688 ita
777 1631 921 1710 volueris¹
954 1629 1012 1689 Sed

67 1731 142 1788 haec
162 1729 319 1801 hactenus3
341 1728 463 1786 libenter
483 1729 563 1787 enirn
585 1730 616 1786 in
637 1729 682 1788 his
702 1729 841 1796 molestiis
862 1731 1012 1802 ἐνσχολάζω
1046 1716 1050 1725 ’

67 1835 188 1896 †c0cou.
239 1845 265 1900 3.
287 1825 454 1884 Redeamus
468 1826 505 1884 ad
523 1836 673 1886 nostrum:
695 1846 747 1903 per
760 1826 905 1885 fortunas!
928 1826 1012 1901 quale

69 1926 122 1984 tibi
141 1923 295 1982 consilium
308 1922 440 1999 Pompeii
454 1924 584 1983 videtur?
604 1925 662 1983 hoc
680 1943 795 2002 quaero,
811 1924 890 2000 quod
910 1925 1011 1982 urbem

68 2023 220 2098 reliquerit.
277 2019 343 2095 Ego
377 2022 455 2078 enim
483 2023 578 2095 ἀπορῶ.
633 2023 713 2080 Tum
747 2022 817 2081 nihil
852 2021 1011 2080 absurdius.

68 2119 181 2178 Urbem
195 2128 226 2176 tu
240 2119 404 2194 relinquas?
426 2137 496 2194 ergo
511 2120 597 2191 idem,
613 2121 636 2178 si
652 2119 728 2178 Galli
742 2121 878 2179 venirent.
924 2118 1012 2176 ‘Non

68 2215 132 2275 est'
161 2217 254 2290 inquit
281 2216 329 2272 ‘in
350 2217 507 2291 parietibus
533 2236 578 2276 res
601 2217 734 2293 publica!
776 2218 816 2276 At
840 2218 871 2274 in
899 2217 954 2274 aris
982 2226 1011 2273 et

68 2305 151 2373 locis.
195 2314 292 2372 ‘Fecit
317 2313 548 2387 Themistocles3
581 2315 701 2373 fluctum
729 2316 808 2373 enirn
833 2314 921 2372 totius
944 2315 1009 2371 bar-

68 2414 166 2470 bariae
182 2412 256 2470 ferre
271 2413 339 2470 urbs
353 2431 412 2470 una
431 2429 492 2470 uon
506 2415 635 2489 poterat!
665 2414 704 2471 At
717 2413 795 2472 idem
809 2412 933 2471 Pericles
951 2430 1012 2470 non

69 2510 145 2581 lecit,
175 2528 285 2568 annum
313 2510 372 2568 fere
400 2520 467 2586 post
494 2512 776 2586 quinquagesimum,
806 2529 873 2570 curn
901 2520 1014 2586 praeter

68 2609 187 2668 moenia
210 2608 281 2665 nihil
304 2618 421 2680 teneret,
446 2614 473 2666 ei
494 2609 583 2667 nostri
606 2609 676 2666 olim
698 2611 770 2667 urbe
795 2609 906 2685 reliqua
927 2618 1013 2685 capta

68 2725 167 2766 arcem
181 2715 279 2764 tamen
293 2694 486 2764 retinuerunt:

226 2807 288 2857 οὕτω
299 2827 343 2857 που
355 2810 404 2858 τῶν
415 2808 516 2873 πρόσθεν
528 2809 673 2869 ἐπευθόμεθα
684 2808 745 2858 κλέα
756 2809 852 2874 ἀνδρῶν.

68 2923 97 2976 4.
120 2902 232 2961 Rursus
261 2912 358 2961 autem
387 2923 423 2962 ex
452 2903 552 2961 dolore
580 2903 749 2978 municipali
771 2906 1012 2982 sermonibusque

67 3019 179 3070 eorum,
208 3019 282 3077 quos
313 3002 465 3071 convenio,
493 3002 604 3060 videtur
632 3001 689 3060 hoc
722 3001 875 3060 consilium
903 3004 1011 3061 exitum

66 3101 251 3157 habiturum:
274 3099 347 3156 mira
365 3098 516 3157 hominum
536 3099 652 3175 querela
673 3101 858 3158 est—nescio
875 3100 945 3172 istic,
960 3102 1011 3159 sed

65 3197 157 3255 sacies
185 3204 217 3253 ut
241 3197 380 3265 seiam-‚
405 3196 467 3254 sine
489 3197 704 3271 magistratibus
728 3198 830 3255 urbem
854 3216 926 3267 esse,
950 3199 1011 3256 sine

11 3282 15 3289 ⁶
65 3304 187 3364 senatu;
216 3293 331 3368 fugiens
361 3293 485 3368 denique
507 3293 664 3369 Pompeius
691 3294 856 3352 mirabiliter
877 3294 1010 3352 homines
1076 3315 1078 3321 ·

63 3402 182 3451 movet:
215 3391 284 3468 quid
309 3392 441 3477 quaeris?
474 3392 528 3454 alia
556 3411 643 3452 causa
670 3392 746 3452 iacta
760 3401 820 3466 est;
855 3390 926 3449 nihil
952 3392 1018 3450 iamt
