2356 3810
54 255 100 316 sp.
118 237 170 324 26.]
267 250 380 299 arran
403 248 452 298 aa
473 249 696 300 rxnrrnrnns
716 251 742 300 ι.
765 251 795 319 7.
957 235 998 317 67

54 401 191 461 habitura
205 397 341 471 videatur,
356 409 388 458 ut
399 399 608 458 Alexandriam
623 409 709 476 atque
720 399 888 476 Aegyptum
902 408 1000 457 tenere

55 499 164 574 possiS,
179 515 244 556 esse
257 506 286 555 et
300 507 366 556 tuae
381 507 409 556 et
423 497 515 555 nostri
529 497 643 574 imperii
657 497 812 573 dignitatis,
824 496 1002 555 Ptolemaide

56 606 108 654 aut
127 595 224 670 aliquo
241 595 407 672 propinquo
426 594 493 653 loco
514 613 583 670 rege
605 595 759 654 conlocato
776 604 805 653 te
822 612 891 652 cum
911 594 1003 651 classe

56 705 146 769 atque
166 693 294 751 exercitu
313 693 457 768 proficisci
472 692 688 765 Alexandriam,
703 702 743 763 ut,
759 711 825 751 earn
844 710 912 750 cum
931 709 1004 767 paee

56 790 269 868 praesidiisque
289 789 419 862 firmaris,
433 790 617 849 Ptolemaeus
636 791 736 849 redeat
751 780 792 849 in
801 808 925 865 regnum
935 809 944 862 ;
966 791 1005 848 ita

57 889 131 961 sore,
151 899 185 946 ut
205 897 234 946 et
254 905 307 962 per
328 897 357 946 te
379 888 552 957 restituatur,
570 906 659 964 quem
680 888 718 946 ad
739 888 863 946 modum
888 898 1006 946 senatus

58 988 141 1046 initio
167 987 286 1056 censuit,
312 995 341 1044 et
368 985 432 1044 sine
459 986 641 1044 multitudine
668 987 830 1058 reducatur,
852 1004 941 1062 quern
951 987 1029 1093 β’

58 1085 183 1144 modum
203 1084 337 1143 homines
360 1083 488 1159 religiosi
508 1084 633 1161 Sibyllae
654 1085 770 1160 placere
791 1062 952 1144 dixeruntl
978 1099 1004 1158 5.

61 1184 123 1242 Sed
142 1183 214 1239 haec
233 1181 376 1239 sententia
397 1181 438 1240 sic
457 1190 486 1239 et
506 1181 546 1240 illi
564 1190 593 1240 et
612 1183 699 1240 nobis
719 1163 906 1258 probabatur,
920 1191 952 1240 ut
970 1202 1007 1239 ex

60 1291 167 1341 eventu
181 1279 320 1337 homines,
330 1277 366 1337 de
383 1288 434 1338 tuo
454 1279 575 1338 consilio
597 1280 813 1339 existimaturos
827 1280 1006 1338 videremus:

53 1381 86 1438 si
104 1377 265 1448 cecidisset,
279 1387 311 1435 ut
324 1377 458 1436 volumus
472 1388 501 1436 et
515 1387 661 1454 optamus,
675 1396 780 1436 omnes
794 1389 823 1436 te
843 1387 871 1435 et
892 1378 1007 1453 sapien-

61 1489 106 1536 ter
129 1485 160 1535 et
181 1474 299 1546 fortiter,
317 1475 342 1534 si
361 1475 469 1551 aliquid
488 1485 565 1535 esset
585 1475 740 1547 offensum,
756 1476 877 1534 eosdem
894 1475 958 1534 illos
979 1487 1008 1534 et

63 1574 171 1650 cupide
185 1582 214 1632 et
231 1582 339 1630 temere
357 1571 461 1630 fecisse
481 1572 618 1643 dicturos.
661 1573 730 1646 Qua
748 1592 779 1633 re
798 1573 869 1649 quid
887 1574 1008 1650 adsequi

62 1673 170 1751 possis,
185 1688 246 1729 non
260 1680 320 1728 tam
334 1670 417 1728 facile
431 1681 475 1729 est
489 1671 574 1730 nobis
589 1690 678 1748 quam
691 1673 752 1743 tibi,
767 1673 848 1731 cuius
868 1691 967 1748 prope
978 1673 1009 1730 in

64 1779 227 1847 conspectu
241 1769 393 1844 Aegyptus
408 1778 460 1838 est,
475 1769 608 1835 iudicare.
660 1769 728 1829 Nos·
740 1771 858 1847 quidem
872 1771 929 1829 hoc
944 1789 1009 1829 sen-

63 1871 162 1939 timus,
181 1867 206 1925 si
226 1867 409 1943 exploratum
430 1867 483 1924 tibi
503 1868 540 1925 sit
560 1885 649 1943 posse
668 1877 696 1926 te
717 1869 796 1932 illius,
812 1870 895 1944 regni
913 1870 1008 1945 potiri,

64 1984 128 2024 non
149 1981 214 2023 esse
234 1963 447 2036 cunctandum;
473 1964 496 2022 si
518 1964 638 2022 dubium
662 1965 707 2036 sit,
728 1983 791 2024 non
813 1984 877 2024 esse
899 1983 1008 2024 conan-

65 2066 146 2123 dum.
203 2061 278 2120 Illud
304 2061 355 2119 tibi
383 2062 515 2133 adfirmo
545 2064 569 2121 si
596 2081 659 2122 rem
686 2064 770 2122 istam
803 2084 840 2124 ex
868 2066 1010 2124 sententia

65 2160 200 2239 gesseris,
210 2159 272 2218 fore
286 2169 318 2218 ut
331 2160 438 2217 absens
453 2179 470 2218 a
484 2161 589 2232 multis,
600 2180 668 2219 cum
682 2162 799 2221 redieris
813 2164 851 2220 ab
865 2163 1010 2232 omnibus,

66 2258 252 2320 conlaudere.
288 2257 492 2316 Offensionem
506 2276 570 2316 esse
584 2258 777 2335 periculosam
791 2271 910 2335 propter
924 2260 1011 2320 inter-

65 2357 195 2435 positam
208 2355 408 2412 auctoritatem
422 2355 651 2432 religionemque
665 2357 767 2430 video;
790 2358 842 2416 sed
857 2375 913 2432 ego
928 2368 965 2430 te,
980 2371 1012 2417 ut

67 2455 106 2513 ad
128 2463 237 2512 certam
258 2453 374 2510 laudem
395 2451 541 2524 adhortor,
566 2454 607 2512 sic
632 2473 650 2512 a
672 2455 856 2514 dimicatione
881 2456 1012 2519 deterreo

66 2553 216 2627 redeoque
244 2551 281 2608 ad
307 2549 384 2621 illud,
408 2551 489 2625 quod
516 2551 597 2609 initio
625 2553 734 2628 scripsi,
759 2553 847 2612 totius
875 2553 943 2612 facti
970 2557 1012 2613 tui

67 2651 210 2710 iudicium
240 2667 300 2706 non
329 2657 389 2706 tam
420 2667 456 2706 ex
489 2650 612 2708 consilio
645 2661 696 2709 tuo
728 2668 817 2727 quam
844 2669 880 2709 ex
908 2663 1014 2711 eventu

67 2749 206 2808 homines
241 2766 305 2806 esse
340 2747 473 2806 facturos.
532 2750 559 2807 6.
595 2747 686 2819 Quod
716 2749 746 2808 si⁴
767 2749 840 2809 haec
868 2753 941 2810 ratio
973 2754 1015 2811 rei

67 2846 218 2924 gerendae
236 2845 398 2920 periculosa
416 2846 468 2903 tibi
488 2864 552 2904 esse
568 2847 716 2918 videbitur,
731 2848 863 2924 placebat
881 2849 959 2921 illud,
974 2863 1014 2922 ut,

69 2947 94 3005 si
118 2962 171 3003 rex
194 2944 294 3002 amicis
315 2943 379 3014 tuis,
399 2944 449 3019 qui
473 2962 526 3019 per
548 2946 727 3020 provinciam
751 2956 838 3023 atque
862 2948 1015 3023 imperium

69 3055 155 3101 tuum
169 3041 308 3116 pecunias
323 3041 350 3098 ei
364 3040 559 3111 credidissent,
575 3043 663 3101 fidem
678 3061 762 3101 suam
776 3032 972 3120 praestitisset,
987 3058 1017 3105 et

70 3139 185 3215 auxiliis
203 3156 270 3195 eum
289 3139 344 3196 tuis
364 3148 393 3196 et
413 3138 505 3214 copiis
525 3140 692 3213 adiuvares3
716 3159 782 3199 eam
800 3161 865 3201 esse
884 3155 1016 3202 naturam

70 3248 100 3296 et
115 3234 268 3311 regionem
282 3234 446 3310 provinciae
461 3244 536 3306 tuae,
550 3248 582 3294 ut
596 3238 670 3296 illius
683 3239 808 3297 reditum
822 3241 866 3298 vel
880 3242 1017 3299 adiuvan-

71 3335 112 3392 do
129 3351 145 3390 c
167 3314 318 3390 iifiir'nar'es
336 3332 381 3389 vel
402 3333 585 3409 neglegendo
607 3336 770 3411 impedires.
794 3337 848 3420 ¹ln
862 3339 917 3397 hac
931 3342 1017 3399 ratio-

53 3449 112 3508 ·ne
138 3512 142 3525 Ι
176 3429 205 3507 ‘d
225 3448 279 3502 res,
301 3431 372 3507 quid
394 3449 490 3504 causa,
512 3433 582 3507 quid
603 3443 717 3521 tempus
737 3434 816 3508 ferat,
832 3448 864 3495 tu
885 3436 1018 3498 facillime

171 3548 173 3552 ’
522 3548 572 3590 ua
