2356 3810
81 225 127 292 sp.
143 213 195 298 34]
270 225 455 277 reprenso
476 226 699 274 rnnrrmnns
724 227 798 274 run.
823 212 852 276 8.
982 228 1022 298 97

79 404 182 444 uonvu
209 403 328 445 rvnrcvu
356 403 448 444 umor
471 402 541 443 snus
565 403 720 456 moremur,
742 404 772 443 m
797 403 840 443 rvs
864 402 1022 450 nsrvuovr

80 502 163 554 rsro,
181 484 211 540 in
232 483 344 541 tabulas
365 483 530 542 absolutum
550 501 611 540 non
631 484 744 553 rettulit,
764 483 898 540 ordinum
919 483 1025 540 iudicia

79 583 261 659 perscripsit;
284 581 447 658 postulante
463 599 560 639 rursus
574 583 672 657 Appio
687 600 754 639 cum
772 581 805 638 L.
820 581 914 638 Lollio
933 590 1025 638 trans-

80 682 141 757 egit
166 690 195 739 et
219 699 251 738 se
275 681 430 738 relaturum
459 680 537 738 dixit.
580 679 627 738 Sic
652 697 730 737 nunc
754 697 850 753 neque
875 678 1024 736 absolutus

80 797 178 854 neque
206 779 359 836 damnatus
388 777 522 836 Servilius
550 778 586 836 de
614 777 779 852 repetundis
811 777 924 834 saucius
952 775 1024 834 Pilio

80 877 217 937 tradetur.
258 875 337 933 Nam
358 876 395 933 de
416 876 589 934 divinatione
611 876 733 951 Appius,
758 892 825 932 curn
850 874 1024 932 calumniam

80 975 211 1044 iurasset,
239 973 415 1032 contendere
442 991 529 1032 ausus
558 991 618 1031 non
649 983 693 1030 est
721 972 851 1046 Pilioque
879 972 972 1038 cessit,
997 982 1025 1029 et

80 1072 146 1148 ipse
168 1071 205 1129 de
225 1071 360 1146 pecuniis·
375 1071 540 1145 repetundis
562 1090 580 1128 a
602 1070 725 1128 Serviliis
750 1080 792 1127 est
817 1069 976 1144 postulatus
997 1080 1026 1127 et

81 1179 231 1245 praeterea
246 1169 282 1226 de
296 1168 323 1225 vi
337 1186 401 1229 reus
416 1186 434 1225 a
447 1169 574 1244 quodam
595 1186 649 1226 suo
663 1167 820 1238 emissario,
836 1166 901 1225 Sex.
916 1167 1025 1236 Tettio,

82 1267 185 1325 sactus.
228 1265 319 1323 Recte
340 1265 397 1323 hoc
417 1285 469 1341 par
489 1265 584 1324 habet.
627 1283 654 1336 4.
676 1264 766 1336 Quod
787 1264 824 1322 ad
848 1283 910 1322 rem
932 1265 1025 1339 publi-

84 1382 151 1424 cam
170 1363 301 1439 pertinet,
316 1362 437 1420 omnino
456 1363 553 1420 multis
572 1362 674 1420 diebus
689 1362 903 1437 exspectatione
919 1361 1025 1420 Gallia-

58 1520 62 1528 ,
82 1480 149 1520 rum
171 1471 267 1518 actum
288 1459 358 1516 nihil
379 1469 422 1517 est
433 1479 441 1531 ;
474 1460 630 1534 aliquando
651 1470 758 1530 tamen,
781 1479 867 1536 saepe
888 1478 919 1517 re
939 1460 1026 1517 dilata

82 1569 113 1618 et
132 1560 254 1634 graviter
273 1565 337 1614 acta
351 1565 380 1613 et
397 1556 482 1632 plane
497 1567 650 1632 perspecta
665 1556 719 1616 Cn.
735 1557 867 1634 Pompeii
881 1553 1026 1617 voluntate

83 1657 116 1715 in
135 1674 200 1714 eam
219 1664 339 1731 partem,
353 1663 384 1710 ut
403 1672 470 1710 eum
489 1654 630 1714 decedere
650 1665 718 1730 post
737 1655 885 1713 Kalendas
907 1655 1026 1714 Martias

85 1755 221 1832 placeret,
245 1760 361 1810 senatus
384 1752 557 1822 consultum,
579 1752 660 1827 quod
681 1753 733 1811 tibi
757 1753 830 1824 misi,
854 1753 1026 1812 factumest

85 1852 328 1926 auctoritatesque
342 1851 526 1924 perscriptae.

129 1963 157 2023 5.
178 1947 208 2006 S.
222 1945 256 2005 C.
270 1946 515 2004 Auctoritates.
550 1947 601 2006 Pr.
616 1947 691 2006 Kal.
707 1948 877 2008 Octobres
894 1949 926 2006 in
941 1951 1025 2009 aede

86 2045 263 2123 Apollinis
282 2044 382 2101 scrib.
402 2044 585 2103 adfuerunt
604 2045 637 2102 L.
652 2045 824 2104 Domitius
843 2045 901 2105 Cn.
915 2047 934 2105 f.
948 2049 1025 2107 Fab.

87 2141 352 2206 Ahenobarbus,
381 2139 419 2211 Q.
444 2140 618 2200 Caecilius
647 2142 684 2213 Q.
713 2142 733 2200 f.
761 2143 840 2201 Fab.
868 2143 1028 2204 Metellus

88 2243 170 2301 Pius
191 2239 319 2314 Scipi0,
333 2237 367 2296 L.
381 2238 508 2298 Villius
527 2239 561 2297 L.
576 2239 608 2297 F.
623 2239 712 2298 Pom.
728 2241 881 2311 Annalis
900 2243 934 2301 C.
950 2243 1029 2320 Sep-

87 2328 206 2398 timius
228 2336 265 2394 T.
283 2335 302 2394 f.
322 2335 475 2407 Quirina,
498 2336 530 2395 C.
546 2337 699 2397 Lucilius
719 2337 751 2397 C.
768 2339 787 2397 l.
802 2339 881 2415 Pup.
896 2340 1028 2412 Hirrus,

91 2437 125 2495 C.
142 2433 346 2493 Scribonius
368 2432 402 2491 C.
421 2432 440 2491 f.
462 2434 542 2510 Pop.
557 2435 671 2508 Curio,
693 2437 727 2496 L.
745 2438 865 2496 Ateius
887 2437 920 2496 L.
935 2438 954 2497 f.
968 2441 1029 2496 An.

90 2535 225 2608 Capit0,
246 2531 288 2589 M.
305 2530 436 2606 Eppius
458 2531 500 2590 M.
514 2531 535 2591 f.
549 2532 626 2593 Ter.
666 2534 767 2606 Quod
786 2536 829 2594 M.
845 2535 1031 2594 Marcellus

91 2650 160 2691 cos.
175 2649 201 2687 v.
217 2628 236 2687 f.
251 2629 292 2686 de
310 2629 501 2708 provinciis
518 2631 769 2703 consularibus,
785 2633 812 2692 d.
827 2652 853 2692 e.
866 2652 888 2691 r.
902 2634 920 2691 i.
934 2654 968 2703 c,
982 2637 1031 2693 uti

90 2727 126 2798 L.
149 2725 274 2783 Paulus
302 2724 336 2783 C.
359 2725 545 2786 Marcellus
573 2745 669 2799 coss,
691 2747 767 2788 cum
793 2731 1032 2804 magistratum

90 2825 248 2894 inissent,
274 2841 315 2882 ex
340 2823 414 2882 Kal.
439 2823 545 2896 Mart,
571 2843 657 2900 quae
684 2827 718 2884 in
742 2845 803 2886 suo
828 2829 1032 2903 magistratu

90 2922 229 2980 futurae
263 2930 389 2990 essent,
422 2921 463 2979 de
498 2922 740 2981 consularibus
770 2926 958 3000 provinciis
990 2929 1032 2986 ad

91 3030 250 3079 senatum
271 3018 447 3089 referrent,
465 3038 550 3078 neve
570 3021 652 3096 quid
671 3023 766 3098 prius
787 3041 828 3081 ex
847 3023 920 3081 Kal.
935 3024 1031 3084 Mart.

91 3118 135 3178 ad
152 3127 307 3176 senatum
326 3116 502 3187 referrent,
515 3137 599 3176 neve
614 3120 695 3195 quid
709 3122 921 3180 coniunctim
935 3123 975 3181 de
993 3144 1032 3184 ea

91 3234 127 3274 re
150 3213 336 3272 referretur
358 3233 375 3272 a
396 3215 607 3287 consulibus,
628 3219 746 3293 utique
768 3220 837 3278 eius
858 3221 908 3277 rei
928 3239 1032 3280 causa

92 3331 155 3389 per
178 3310 251 3369 dies
279 3313 475 3372 comitiales
501 3324 657 3372 senatum
686 3315 853 3374 haberent
880 3329 1034 3378 senatus-

93 3426 160 3485 que
184 3426 275 3468 cons.
297 3408 458 3483 facerent,
479 3421 520 3482 et,
542 3429 618 3471 curn
640 3413 680 3472 de
700 3431 740 3471 ea
759 3432 794 3473 re
815 3415 858 3474 ad
878 3427 1034 3479 senatum

554 3525 576 3568 u
