2348 3788
55 237 98 299 ap.
111 234 151 298 98,
164 219 223 303 99.]
253 232 366 280 aaran
384 232 434 280 aa
455 232 679 281 samareum
700 233 750 283 ιν.
766 221 799 284 6.
937 238 996 285 211

55 400 173 466 tempus
188 390 239 447 tibi
253 400 336 465 turpe
351 399 395 448 est
409 408 444 449 ac
458 408 520 448 non
537 391 563 448 ei
577 391 618 449 rei
631 391 772 466 sapientia
785 399 835 448 tua
852 401 881 450 te
900 406 1000 449 occur-

54 507 127 548 rere.
170 487 261 559 Quod
276 489 300 546 si
315 489 364 563 qui
379 489 464 546 etiam
480 488 578 547 inferis
594 507 695 547 sensus
705 499 762 559 ¹est,
777 489 826 565 qui
840 489 913 546 illius
922 491 958 545 ,in
972 500 1000 546 te

55 604 140 645 amor
154 585 207 642 suit
221 586 370 662 pietasque
385 587 415 642 in
431 603 536 645 omnes
551 604 628 652 suos,
640 587 697 644 hoc
712 597 789 645 certe
803 587 850 644 illa
863 597 892 644 te
905 586 1000 644 facere

56 699 118 738 non
129 679 196 737 volt.
239 679 286 736 Da
297 679 353 738 hoc
368 680 407 736 illi
421 691 572 752 mortuae;
587 682 625 739 da
639 682 742 740 ceteris
756 683 857 740 amicis
872 701 907 740 ac
918 681 1000 739 fami-

55 778 181 846 liaribus
204 777 254 853 qui
274 787 324 834 tuo
347 777 448 836 dolore
469 788 618 850 maerent3
641 779 678 836 da
699 780 814 854 patriae,
835 789 875 850 ut,
898 780 922 838 si
943 797 1001 854 qua
1095 806 1098 811 ·

56 876 130 934 inre
149 893 225 951 opus
240 875 284 944 sit,
299 893 390 950 opera
408 887 437 934 et
454 877 576 935 consilio
591 888 641 934 tuo
659 878 700 934 uti
714 878 814 952 possit.
855 876 999 953 Denique,

56 974 195 1048 quoniam
216 973 247 1028 in
269 982 333 1028 eam
349 971 496 1052 fortunam
519 973 694 1044 devenimus,
713 984 745 1032 ut
766 975 853 1032 etiam
872 974 939 1033 huic
960 976 1000 1033 rei

55 1071 140 1127 nobis
169 1069 351 1127 serviendum
376 1071 420 1139 sit,
445 1070 505 1128 noli
532 1072 713 1130 committere
736 1082 768 1128 ut
792 1072 947 1148 quisquam
972 1083 1000 1131 te

55 1179 137 1246 putet
165 1185 226 1225 non
253 1177 314 1224 tam
342 1167 430 1225 filiam
459 1187 548 1244 quam
582 1170 624 1227 rei
651 1170 783 1246 publicae
811 1180 942 1246 tempora
972 1182 1001 1229 et

55 1267 179 1324 aliorum
199 1266 349 1323 victoriam
374 1265 480 1340 lugere.
524 1266 609 1324 Plura
636 1285 683 1324 me
708 1267 746 1324 ad
774 1275 802 1324 te
830 1266 946 1325 dehac
970 1287 1001 1326 re

56 1363 181 1420 scribere
203 1362 299 1438 pudet,
320 1381 357 1420 ne
378 1363 476 1421 videar
496 1364 666 1440 prudentiae
688 1374 754 1422 tuae
775 1363 902 1422 diffidere
912 1384 920 1436 ;
943 1383 1001 1440 qua

55 1478 95 1528 re,
120 1461 144 1516 si
171 1459 228 1518 hoc
256 1478 348 1517 unum
376 1477 566 1535 proposuero,
591 1461 681 1519 finem
706 1461 812 1519 faciam
839 1461 999 1518 scribendi:

56 1556 179 1614 vidimus
199 1556 373 1632 aliquotiens
393 1558 553 1616 secundam
570 1559 761 1635 pulcherrime
779 1568 809 1617 te
823 1557 896 1617 ferre
910 1558 1000 1616 fortu-

56 1673 126 1711 nam
151 1673 347 1730 magnamque
371 1673 409 1713 ex
433 1674 468 1714 ea
492 1676 523 1715 re
547 1667 576 1715 te
600 1657 717 1716 laudem
741 1658 851 1733 apisci3
881 1656 926 1714 fac
951 1657 1000 1714 ali-

57 1754 176 1829 quando
200 1753 401 1827 intellegamus
429 1754 581 1812 adversam
606 1772 724 1830 quoque
751 1764 780 1813 te
807 1772 899 1829 aeque
927 1754 1001 1812 ferre

56 1869 145 1927 posse
166 1868 262 1926 neque
280 1851 311 1908 id
331 1852 433 1922 maius,
448 1869 537 1926 quam
558 1852 670 1922 debeat,
686 1853 737 1910 tibi
758 1870 833 1910 onus
851 1853 948 1921 videri,
963 1871 1000 1909 ne

57 1966 94 2004 err
122 1947 259 2004 omnibus
286 1948 435 2006 virtutibus
463 1948 536 2006 haec
563 1967 623 2006 una
655 1949 706 2006 tibi
733 1949 862 2006 videatur
889 1948 1000 2007 deesse.

57 2043 148 2114 Quod
171 2044 209 2101 ad
232 2062 281 2100 me
305 2046 413 2115 attinet,
439 2064 506 2103 cum
530 2055 560 2104 te
588 2046 782 2121 tranquilliore
810 2047 908 2103 animo
936 2063 1000 2103 esse

57 2159 197 2216 cognoro,
213 2142 249 2199 de
264 2142 297 2200 iis
311 2143 405 2212 rebus,
421 2160 496 2217 quae
510 2141 557 2200 hic
579 2153 725 2217 geruntur,
740 2143 1000 2218 quemadmodum-

57 2257 115 2316 que
130 2257 161 2298 se
175 2240 324 2320 provincia
338 2239 452 2311 habeat,
467 2241 617 2298 certiorem
632 2240 746 2298 faciam.
787 2238 870 2298 Vale.

258 2400 305 2454 m.
347 2396 404 2454 AD
426 2396 678 2455 anurrmrurs
700 2353 752 2455 iv.
777 2398 802 2454 ⁶.

197 2510 262 2570 Ser.
284 2515 426 2570 Asrmum
447 2531 541 2570 nausa
562 2512 669 2571 Arium
689 2531 775 2572 nuc.
798 2526 813 2588 7
838 2531 865 2588 9.

298 2637 331 2676 rr.
346 2637 449 2678 cremo
470 2638 492 2677 s.
508 2638 536 2678 n.
551 2637 610 2677 sm.
626 2636 764 2678 suarrcro.

101 2753 126 2795 1.
147 2734 213 2794 Eoo
227 2753 305 2805 vero,
321 2735 409 2804 Servi,
425 2736 536 2807 vellem,
551 2745 583 2793 ut
604 2735 713 2804 scribis,
728 2735 759 2792 in
779 2752 846 2794 meo
867 2737 1001 2811 gravissi·

56 2850 108 2892 mo
123 2850 193 2890 casu
208 2832 366 2891 adfuisses:
388 2843 529 2909 quantum
546 2834 625 2890 enim
643 2850 781 2907 praesens
799 2851 847 2891 me
866 2834 1001 2893 adiuvare

57 2929 187 3006 potueris
211 2921 242 2988 et
265 2931 448 2990 consolando
473 2942 502 2990 et
526 2948 618 3006 prope
643 2947 735 3006 aeque
760 2930 896 3002 dolende,
917 2931 1001 2991 facile

56 3046 94 3085 ex
116 3043 154 3083 eo
173 3026 318 3103 intellego,
334 3029 415 3103 quod
432 3028 531 3085 litteris
552 3027 632 3085 lectis
653 3027 832 3102 aliquantum
852 3028 999 3102 acquievi;

57 3143 126 3183 nam
146 3132 174 3180 et
188 3141 224 3181 ea
243 3126 388 3200 scripsisti,
403 3143 477 3200 quae
492 3125 585 3182 levare
600 3125 709 3182 luctum
723 3134 852 3201 possent,
867 3135 895 3182 et
908 3125 938 3182 in
953 3145 1003 3184 me·

57 3220 239 3283 consolando
264 3242 326 3281 non
353 3207 535 3281 mediocrem
557 3222 619 3297 ipse
646 3222 735 3279 animi
763 3222 894 3280 dolorem
918 3224 1000 3282 adhi-

58 3321 153 3378 buisti.
199 3317 313 3378 Servius
341 3329 438 3377 tamen
468 3330 535 3377 tuus
562 3319 697 3377 omnibus
725 3319 834 3389 officiis,
859 3338 934 3396 quae
960 3324 1000 3382 illi

58 3419 184 3496 tempori
213 3418 296 3477 tribui
324 3428 487 3494 potuerunt,
512 3416 666 3476 declaravit
690 3427 718 3478 et
743 3417 843 3494 quanti
867 3419 929 3495 ipse
952 3439 999 3480 me

503 3532 550 3572 ra
