<?xml version="1.0" encoding="UTF-8"?>
<!DOCTYPE html PUBLIC "-//W3C//DTD XHTML 1.0 Transitional//EN"
    "http://www.w3.org/TR/xhtml1/DTD/xhtml1-transitional.dtd">
<html xmlns="http://www.w3.org/1999/xhtml" xml:lang="en" lang="en">
 <head>
  <title>
</title>
<meta http-equiv="Content-Type" content="text/html;charset=utf-8" />
  <meta name='ocr-system' content='tesseract 3.04.00' />
  <meta name='ocr-capabilities' content='ocr_page ocr_carea ocr_par ocr_line ocrx_word'/>
</head>
<body>
  <div class='ocr_page' id='page_1' title='image "./epistolaeselect01cicegoog/epistolaeselect01cicegoog_0085.png"; bbox 0 0 2356 3810; ppageno 0'>
   <div class='ocr_carea' id='block_1_1' title="bbox 45 39 224 108">
    <p class='ocr_par' dir='ltr' id='par_1_1' title="bbox 45 39 224 108">
     <span class='ocr_line' id='line_1_1' title="bbox 45 39 224 108; baseline 0 -46"><span class='ocrx_word' id='word_1_1' title='bbox 45 39 140 62; x_wconf 51' lang='lat' dir='ltr'>ww*</span> <span class='ocrx_word' id='word_1_2' title='bbox 178 40 184 108; x_wconf 48' lang='lat' dir='ltr'>p</span> <span class='ocrx_word' id='word_1_3' title='bbox 217 40 224 42; x_wconf 83' lang='grc'>-</span> 
     </span>
     <span class='ocr_line' id='line_1_2' title="bbox 151 79 156 93; baseline 0 0"><span class='ocrx_word' id='word_1_4' title='bbox 151 79 156 93; x_wconf 81' lang='grc' dir='ltr'><strong><em>Ι</em></strong></span> 
     </span>
    </p>
   </div>
   <div class='ocr_carea' id='block_1_2' title="bbox 33 40 1034 194">
    <p class='ocr_par' dir='ltr' id='par_1_2' title="bbox 33 40 1034 194">
     <span class='ocr_line' id='line_1_3' title="bbox 576 40 986 83; baseline 0.005 -30"><span class='ocrx_word' id='word_1_5' title='bbox 576 40 584 46; x_wconf 84' lang='lat'><em>⁷</em></span> <span class='ocrx_word' id='word_1_6' title='bbox 712 40 715 44; x_wconf 97' lang='grc'><em>“</em></span> <span class='ocrx_word' id='word_1_7' title='bbox 746 40 832 73; x_wconf 43' lang='grc' dir='ltr'>’,τ’νν</span> <span class='ocrx_word' id='word_1_8' title='bbox 863 40 939 69; x_wconf 33' lang='lat' dir='ltr'>&#39;⁷&#39;ss</span> <span class='ocrx_word' id='word_1_9' title='bbox 977 40 986 83; x_wconf 60' lang='lat' dir='ltr'>tl</span> 
     </span>
     <span class='ocr_line' id='line_1_4' title="bbox 355 72 977 98; baseline 0.003 -4"><span class='ocrx_word' id='word_1_10' title='bbox 355 90 356 94; x_wconf 70' lang='grc'>,</span> <span class='ocrx_word' id='word_1_11' title='bbox 593 88 603 96; x_wconf 84' lang='grc'>.</span> <span class='ocrx_word' id='word_1_12' title='bbox 759 83 762 90; x_wconf 64' lang='lat' dir='ltr'>r</span> <span class='ocrx_word' id='word_1_13' title='bbox 906 72 935 98; x_wconf 63' lang='lat' dir='ltr'>l!</span> <span class='ocrx_word' id='word_1_14' title='bbox 964 80 977 96; x_wconf 57' lang='lat' dir='ltr'>&#39;i</span> 
     </span>
     <span class='ocr_line' id='line_1_5' title="bbox 34 47 1034 193; baseline -0.006 -32"><span class='ocrx_word' id='word_1_15' title='bbox 34 109 246 161; x_wconf 45' lang='lat' dir='ltr'>ain-eausa</span> <span class='ocrx_word' id='word_1_16' title='bbox 289 62 416 157; x_wconf 67' lang='lat' dir='ltr'>sa</span> <span class='ocrx_word' id='word_1_17' title='bbox 550 147 557 153; x_wconf 73' lang='grc'>,,</span> <span class='ocrx_word' id='word_1_18' title='bbox 727 47 979 193; x_wconf 42' lang='lat' dir='ltr'>(lagana-aa</span> <span class='ocrx_word' id='word_1_19' title='bbox 1027 87 1034 177; x_wconf 71' lang='lat' dir='ltr'>l</span> 
     </span>
     <span class='ocr_line' id='line_1_6' title="bbox 33 179 36 194; baseline 0 0"><span class='ocrx_word' id='word_1_20' title='bbox 33 179 36 194; x_wconf 93' lang='lat' dir='ltr'>l</span> 
     </span>
    </p>
   </div>
   <div class='ocr_carea' id='block_1_3' title="bbox 1019 182 1027 212">
    <p class='ocr_par' dir='ltr' id='par_1_3' title="bbox 1019 182 1027 212">
     <span class='ocr_line' id='line_1_7' title="bbox 1019 182 1027 212; baseline 0 0"><span class='ocrx_word' id='word_1_21' title='bbox 1019 182 1027 212; x_wconf 81' lang='lat' dir='ltr'>l</span> 
     </span>
    </p>
   </div>
   <div class='ocr_carea' id='block_1_4' title="bbox 65 219 1060 303">
    <p class='ocr_par' dir='ltr' id='par_1_4' title="bbox 65 219 1060 303">
     <span class='ocr_line' id='line_1_8' title="bbox 65 219 1060 303; baseline -0.001 -21"><span class='ocrx_word' id='word_1_22' title='bbox 65 235 109 296; x_wconf 79' lang='lat' dir='ltr'>ap.</span> <span class='ocrx_word' id='word_1_23' title='bbox 127 219 183 303; x_wconf 68' lang='lat' dir='ltr'>m]</span> <span class='ocrx_word' id='word_1_24' title='bbox 277 222 464 284; x_wconf 74' lang='lat' dir='ltr'>artenao</span> <span class='ocrx_word' id='word_1_25' title='bbox 485 232 709 281; x_wconf 77' lang='lat' dir='ltr'><em>FAMILIARES</em></span> <span class='ocrx_word' id='word_1_26' title='bbox 729 233 753 284; x_wconf 88' lang='lat' dir='ltr'>r.</span> <span class='ocrx_word' id='word_1_27' title='bbox 778 233 808 302; x_wconf 88' lang='lat'>7.</span> <span class='ocrx_word' id='word_1_28' title='bbox 969 219 1060 303; x_wconf 66' lang='lat'>69·</span> 
     </span>
    </p>
   </div>
   <div class='ocr_carea' id='block_1_5' title="bbox 64 382 1085 3495">
    <p class='ocr_par' dir='ltr' id='par_1_5' title="bbox 64 382 1085 3495">
     <span class='ocr_line' id='line_1_9' title="bbox 65 382 1010 462; baseline -0.003 -20"><span class='ocrx_word' id='word_1_29' title='bbox 65 384 239 460; x_wconf 89' lang='lat' dir='ltr'>cuiusquam</span> <span class='ocrx_word' id='word_1_30' title='bbox 260 385 371 444; x_wconf 88' lang='lat' dir='ltr'>iniuria.</span> <span class='ocrx_word' id='word_1_31' title='bbox 413 384 524 462; x_wconf 86' lang='lat' dir='ltr'>Magna</span> <span class='ocrx_word' id='word_1_32' title='bbox 547 393 590 454; x_wconf 91' lang='lat' dir='ltr'>est</span> <span class='ocrx_word' id='word_1_33' title='bbox 614 383 766 442; x_wconf 91' lang='lat' dir='ltr'>hominum</span> <span class='ocrx_word' id='word_1_34' title='bbox 789 383 890 459; x_wconf 90' lang='lat' dir='ltr'>opinio</span> <span class='ocrx_word' id='word_1_35' title='bbox 916 382 1010 453; x_wconf 89' lang='lat' dir='ltr'>dete,</span> 
     </span>
     <span class='ocr_line' id='line_1_10' title="bbox 64 481 1011 569; baseline -0.001 -30"><span class='ocrx_word' id='word_1_36' title='bbox 64 500 177 558; x_wconf 89' lang='lat' dir='ltr'>magna</span> <span class='ocrx_word' id='word_1_37' title='bbox 198 483 414 556; x_wconf 88' lang='lat' dir='ltr'><strong>commendatio</strong></span> <span class='ocrx_word' id='word_1_38' title='bbox 438 482 621 554; x_wconf 67' lang='lat' dir='ltr'>liberalitatis</span> <span class='ocrx_word' id='word_1_39' title='bbox 642 499 751 556; x_wconf 86' lang='lat' dir='ltr'>magna</span> <span class='ocrx_word' id='word_1_40' title='bbox 775 481 918 569; x_wconf 87' lang='lat' dir='ltr'>memoria</span> <span class='ocrx_word' id='word_1_41' title='bbox 939 499 1011 557; x_wconf 86' lang='lat' dir='ltr'>cop-</span> 
     </span>
     <span class='ocr_line' id='line_1_11' title="bbox 66 560 1013 657; baseline -0.001 -20"><span class='ocrx_word' id='word_1_42' title='bbox 66 581 178 638; x_wconf 88' lang='lat' dir='ltr'>sulatus</span> <span class='ocrx_word' id='word_1_43' title='bbox 213 582 273 640; x_wconf 90' lang='lat' dir='ltr'>tui:</span> <span class='ocrx_word' id='word_1_44' title='bbox 307 581 380 640; x_wconf 90' lang='lat' dir='ltr'>haec</span> <span class='ocrx_word' id='word_1_45' title='bbox 413 581 546 657; x_wconf 86' lang='lat' dir='ltr'>profecto</span> <span class='ocrx_word' id='word_1_46' title='bbox 573 581 658 640; x_wconf 91' lang='lat' dir='ltr'>vides</span> <span class='ocrx_word' id='word_1_47' title='bbox 687 589 796 657; x_wconf 87' lang='lat' dir='ltr'>quanto</span> <span class='ocrx_word' id='word_1_48' title='bbox 831 560 1013 655; x_wconf 61' lang='lat' dir='ltr'>cipresslor‘a</span> 
     </span>
     <span class='ocr_line' id='line_1_12' title="bbox 66 679 1012 755; baseline 0 -20"><span class='ocrx_word' id='word_1_49' title='bbox 66 689 236 755; x_wconf 89' lang='lat' dir='ltr'>quantoque</span> <span class='ocrx_word' id='word_1_50' title='bbox 251 679 402 738; x_wconf 83' lang='lat' dir='ltr'>illustriora</span> <span class='ocrx_word' id='word_1_51' title='bbox 415 680 511 738; x_wconf 89' lang='lat' dir='ltr'>futura</span> <span class='ocrx_word' id='word_1_52' title='bbox 530 680 594 750; x_wconf 91' lang='lat' dir='ltr'>sint,</span> <span class='ocrx_word' id='word_1_53' title='bbox 609 697 678 738; x_wconf 92' lang='lat' dir='ltr'>cum</span> <span class='ocrx_word' id='word_1_54' title='bbox 698 679 877 755; x_wconf 89' lang='lat' dir='ltr'>aliquantum</span> <span class='ocrx_word' id='word_1_55' title='bbox 894 697 934 736; x_wconf 47' lang='lat' dir='ltr'>ex*</span> <span class='ocrx_word' id='word_1_56' title='bbox 944 695 1012 754; x_wconf 90' lang='lat' dir='ltr'>pro·</span> 
     </span>
     <span class='ocr_line' id='line_1_13' title="bbox 66 775 1012 854; baseline -0.001 -22"><span class='ocrx_word' id='word_1_57' title='bbox 66 776 162 834; x_wconf 89' lang='lat' dir='ltr'>vincia</span> <span class='ocrx_word' id='word_1_58' title='bbox 176 787 263 853; x_wconf 90' lang='lat' dir='ltr'>atque</span> <span class='ocrx_word' id='word_1_59' title='bbox 278 796 314 835; x_wconf 88' lang='lat' dir='ltr'>ex</span> <span class='ocrx_word' id='word_1_60' title='bbox 328 778 451 854; x_wconf 91' lang='lat' dir='ltr'>imperio</span> <span class='ocrx_word' id='word_1_61' title='bbox 465 778 558 836; x_wconf 91' lang='lat' dir='ltr'>laudis</span> <span class='ocrx_word' id='word_1_62' title='bbox 574 777 735 836; x_wconf 88' lang='lat' dir='ltr'>accesserit.</span> <span class='ocrx_word' id='word_1_63' title='bbox 777 775 964 852; x_wconf 85' lang='lat' dir='ltr'>Quamquam</span> <span class='ocrx_word' id='word_1_64' title='bbox 984 785 1012 832; x_wconf 92' lang='lat' dir='ltr'>te</span> 
     </span>
     <span class='ocr_line' id='line_1_14' title="bbox 66 873 1012 952; baseline -0.001 -23"><span class='ocrx_word' id='word_1_65' title='bbox 66 874 106 930; x_wconf 89' lang='lat' dir='ltr'>ita</span> <span class='ocrx_word' id='word_1_66' title='bbox 137 891 238 949; x_wconf 86' lang='lat' dir='ltr'>gerere</span> <span class='ocrx_word' id='word_1_67' title='bbox 266 875 333 933; x_wconf 90' lang='lat' dir='ltr'>volo</span> <span class='ocrx_word' id='word_1_68' title='bbox 367 895 441 952; x_wconf 90' lang='lat' dir='ltr'>quae</span> <span class='ocrx_word' id='word_1_69' title='bbox 469 894 522 952; x_wconf 90' lang='lat' dir='ltr'>per</span> <span class='ocrx_word' id='word_1_70' title='bbox 549 875 707 934; x_wconf 86' lang='lat' dir='ltr'>exercitum</span> <span class='ocrx_word' id='word_1_71' title='bbox 740 883 828 949; x_wconf 91' lang='lat' dir='ltr'>atque</span> <span class='ocrx_word' id='word_1_72' title='bbox 859 873 1012 948; x_wconf 90' lang='lat' dir='ltr'>imperium</span> 
     </span>
     <span class='ocr_line' id='line_1_15' title="bbox 66 969 1012 1048; baseline 0.001 -22"><span class='ocrx_word' id='word_1_73' title='bbox 66 969 197 1045; x_wconf 86' lang='lat' dir='ltr'>gerenda</span> <span class='ocrx_word' id='word_1_74' title='bbox 217 982 291 1042; x_wconf 92' lang='lat' dir='ltr'>sunt,</span> <span class='ocrx_word' id='word_1_75' title='bbox 307 982 339 1030; x_wconf 90' lang='lat' dir='ltr'>ut</span> <span class='ocrx_word' id='word_1_76' title='bbox 352 973 425 1030; x_wconf 89' lang='lat' dir='ltr'>haec</span> <span class='ocrx_word' id='word_1_77' title='bbox 442 973 534 1032; x_wconf 89' lang='lat' dir='ltr'>multo</span> <span class='ocrx_word' id='word_1_78' title='bbox 552 983 619 1048; x_wconf 85' lang='lat' dir='ltr'>ante</span> <span class='ocrx_word' id='word_1_79' title='bbox 638 973 784 1043; x_wconf 85' lang='lat' dir='ltr'>meditere,</span> <span class='ocrx_word' id='word_1_80' title='bbox 800 971 857 1030; x_wconf 93' lang='lat' dir='ltr'>huc</span> <span class='ocrx_word' id='word_1_81' title='bbox 876 980 904 1029; x_wconf 91' lang='lat' dir='ltr'>te</span> <span class='ocrx_word' id='word_1_82' title='bbox 919 989 1012 1046; x_wconf 90' lang='lat' dir='ltr'>pares,</span> 
     </span>
     <span class='ocr_line' id='line_1_16' title="bbox 67 1055 1013 1146; baseline 0.001 -21"><span class='ocrx_word' id='word_1_83' title='bbox 67 1069 141 1127; x_wconf 92' lang='lat' dir='ltr'>haee</span> <span class='ocrx_word' id='word_1_84' title='bbox 163 1069 283 1144; x_wconf 86' lang='lat' dir='ltr'>cogites,</span> <span class='ocrx_word' id='word_1_85' title='bbox 306 1071 343 1128; x_wconf 90' lang='lat' dir='ltr'>ad</span> <span class='ocrx_word' id='word_1_86' title='bbox 366 1070 438 1129; x_wconf 89' lang='lat' dir='ltr'>haec</span> <span class='ocrx_word' id='word_1_87' title='bbox 458 1081 487 1130; x_wconf 89' lang='lat' dir='ltr'>te</span> <span class='ocrx_word' id='word_1_88' title='bbox 513 1055 649 1129; x_wconf 58' lang='lat' dir='ltr'>&amp;dirceus</span> <span class='ocrx_word' id='word_1_89' title='bbox 672 1069 908 1146; x_wconf 87' lang='lat' dir='ltr'>sentiasque-id</span> <span class='ocrx_word' id='word_1_90' title='bbox 932 1069 1013 1145; x_wconf 92' lang='lat' dir='ltr'>quod</span> 
     </span>
     <span class='ocr_line' id='line_1_17' title="bbox 68 1167 1013 1250; baseline -0.001 -26"><span class='ocrx_word' id='word_1_91' title='bbox 68 1167 137 1241; x_wconf 88' lang='lat' dir='ltr'>quia</span> <span class='ocrx_word' id='word_1_92' title='bbox 151 1184 267 1241; x_wconf 86' lang='lat' dir='ltr'>semper</span> <span class='ocrx_word' id='word_1_93' title='bbox 283 1169 413 1243; x_wconf 87' lang='lat' dir='ltr'>sperasti,</span> <span class='ocrx_word' id='word_1_94' title='bbox 432 1187 495 1250; x_wconf 88' lang='lat' dir='ltr'>non</span> <span class='ocrx_word' id='word_1_95' title='bbox 516 1169 617 1227; x_wconf 87' lang='lat' dir='ltr'>dubito</span> <span class='ocrx_word' id='word_1_96' title='bbox 636 1171 705 1244; x_wconf 89' lang='lat' dir='ltr'>quin</span> <span class='ocrx_word' id='word_1_97' title='bbox 723 1169 845 1243; x_wconf 89' lang='lat' dir='ltr'>adeptus</span> <span class='ocrx_word' id='word_1_98' title='bbox 864 1167 1013 1242; x_wconf 86' lang='lat' dir='ltr'>intellegas</span> 
     </span>
     <span class='ocr_line' id='line_1_18' title="bbox 67 1243 1014 1341; baseline -0.001 -20"><span class='ocrx_word' id='word_1_99' title='bbox 67 1274 138 1321; x_wconf 90' lang='lat' dir='ltr'>-te</span> <span class='ocrx_word' id='word_1_100' title='bbox 159 1263 292 1322; x_wconf 88' lang='lat' dir='ltr'>facillime</span> <span class='ocrx_word' id='word_1_101' title='bbox 310 1243 548 1340; x_wconf 72' lang='lat' dir='ltr'>possellblihdlll</span> <span class='ocrx_word' id='word_1_102' title='bbox 565 1263 716 1325; x_wconf 83' lang='lat' dir='ltr'>&#39;summum</span> <span class='ocrx_word' id='word_1_103' title='bbox 736 1276 822 1341; x_wconf 90' lang='lat' dir='ltr'>atque</span> <span class='ocrx_word' id='word_1_104' title='bbox 843 1265 1014 1322; x_wconf 87' lang='lat' dir='ltr'>altissimum</span> 
     </span>
     <span class='ocr_line' id='line_1_19' title="bbox 67 1361 1012 1440; baseline -0.002 -21"><span class='ocrx_word' id='word_1_105' title='bbox 67 1361 193 1437; x_wconf 88' lang='lat' dir='ltr'>gradum</span> <span class='ocrx_word' id='word_1_106' title='bbox 215 1363 342 1423; x_wconf 87' lang='lat' dir='ltr'>civitatis.</span> <span class='ocrx_word' id='word_1_107' title='bbox 385 1363 470 1436; x_wconf 88' lang='lat' dir='ltr'>Quae</span> <span class='ocrx_word' id='word_1_108' title='bbox 491 1365 610 1440; x_wconf 91' lang='lat' dir='ltr'>quidem</span> <span class='ocrx_word' id='word_1_109' title='bbox 632 1383 700 1423; x_wconf 89' lang='lat' dir='ltr'>mea</span> <span class='ocrx_word' id='word_1_110' title='bbox 720 1362 881 1422; x_wconf 90' lang='lat' dir='ltr'>cohortatio</span> <span class='ocrx_word' id='word_1_111' title='bbox 903 1380 940 1419; x_wconf 93' lang='lat' dir='ltr'>ne</span> <span class='ocrx_word' id='word_1_112' title='bbox 961 1362 1012 1418; x_wconf 91' lang='lat' dir='ltr'>tibi</span> 
     </span>
     <span class='ocr_line' id='line_1_20' title="bbox 68 1460 1013 1540; baseline 0.001 -23"><span class='ocrx_word' id='word_1_113' title='bbox 68 1460 164 1518; x_wconf 90' lang='lat' dir='ltr'>inanis</span> <span class='ocrx_word' id='word_1_114' title='bbox 191 1469 241 1519; x_wconf 90' lang='lat' dir='ltr'>aut</span> <span class='ocrx_word' id='word_1_115' title='bbox 268 1462 330 1519; x_wconf 89' lang='lat' dir='ltr'>sine</span> <span class='ocrx_word' id='word_1_116' title='bbox 359 1480 447 1521; x_wconf 90' lang='lat' dir='ltr'>causa</span> <span class='ocrx_word' id='word_1_117' title='bbox 474 1474 609 1540; x_wconf 85' lang='lat' dir='ltr'>suscepta</span> <span class='ocrx_word' id='word_1_118' title='bbox 632 1463 769 1532; x_wconf 88' lang='lat' dir='ltr'>videatur,</span> <span class='ocrx_word' id='word_1_119' title='bbox 792 1461 840 1518; x_wconf 93' lang='lat' dir='ltr'>illa</span> <span class='ocrx_word' id='word_1_120' title='bbox 866 1479 914 1519; x_wconf 89' lang='lat' dir='ltr'>me</span> <span class='ocrx_word' id='word_1_121' title='bbox 941 1461 1013 1518; x_wconf 90' lang='lat' dir='ltr'>ratio</span> 
     </span>
     <span class='ocr_line' id='line_1_21' title="bbox 68 1558 1014 1628; baseline -0.001 -12"><span class='ocrx_word' id='word_1_122' title='bbox 68 1559 168 1628; x_wconf 91' lang='lat' dir='ltr'>movit,</span> <span class='ocrx_word' id='word_1_123' title='bbox 186 1568 218 1616; x_wconf 92' lang='lat' dir='ltr'>ut</span> <span class='ocrx_word' id='word_1_124' title='bbox 232 1570 259 1618; x_wconf 91' lang='lat' dir='ltr'>te</span> <span class='ocrx_word' id='word_1_125' title='bbox 273 1579 310 1617; x_wconf 79' lang='lat' dir='ltr'>ex</span> <span class='ocrx_word' id='word_1_126' title='bbox 325 1560 431 1619; x_wconf 89' lang='lat' dir='ltr'>nostris</span> <span class='ocrx_word' id='word_1_127' title='bbox 445 1561 554 1619; x_wconf 90' lang='lat' dir='ltr'>eventis</span> <span class='ocrx_word' id='word_1_128' title='bbox 574 1561 777 1619; x_wconf 91' lang='lat' dir='ltr'>communibus</span> <span class='ocrx_word' id='word_1_129' title='bbox 794 1558 1014 1616; x_wconf 88' lang='lat' dir='ltr'>admonendum</span> 
     </span>
     <span class='ocr_line' id='line_1_22' title="bbox 69 1657 1015 1733; baseline -0.002 -19"><span class='ocrx_word' id='word_1_130' title='bbox 69 1666 210 1733; x_wconf 84' lang='lat' dir='ltr'>putarem,</span> <span class='ocrx_word' id='word_1_131' title='bbox 225 1667 257 1714; x_wconf 93' lang='lat' dir='ltr'>ut</span> <span class='ocrx_word' id='word_1_132' title='bbox 270 1658 478 1728; x_wconf 85' lang='lat' dir='ltr'>considerares,</span> <span class='ocrx_word' id='word_1_133' title='bbox 494 1657 524 1715; x_wconf 90' lang='lat' dir='ltr'>in</span> <span class='ocrx_word' id='word_1_134' title='bbox 538 1658 618 1716; x_wconf 88' lang='lat' dir='ltr'>omni</span> <span class='ocrx_word' id='word_1_135' title='bbox 632 1657 741 1733; x_wconf 89' lang='lat' dir='ltr'>reliqua</span> <span class='ocrx_word' id='word_1_136' title='bbox 756 1657 812 1714; x_wconf 90' lang='lat' dir='ltr'>vita</span> <span class='ocrx_word' id='word_1_137' title='bbox 829 1657 934 1732; x_wconf 93' lang='lat' dir='ltr'>quibus</span> <span class='ocrx_word' id='word_1_138' title='bbox 953 1674 1015 1713; x_wconf 90' lang='lat' dir='ltr'>cre-</span> 
     </span>
     <span class='ocr_line' id='line_1_23' title="bbox 70 1755 1015 1830; baseline -0.003 -17"><span class='ocrx_word' id='word_1_139' title='bbox 70 1756 163 1824; x_wconf 76' lang='lat' dir='ltr'>dereS,</span> <span class='ocrx_word' id='word_1_140' title='bbox 178 1773 253 1830; x_wconf 92' lang='lat' dir='ltr'>quos</span> <span class='ocrx_word' id='word_1_141' title='bbox 267 1773 391 1814; x_wconf 86' lang='lat' dir='ltr'>caveres.</span> <span class='ocrx_word' id='word_1_142' title='bbox 437 1774 481 1814; x_wconf 90' lang='lat'>10.</span> <span class='ocrx_word' id='word_1_143' title='bbox 505 1755 595 1828; x_wconf 90' lang='lat' dir='ltr'>Quod</span> <span class='ocrx_word' id='word_1_144' title='bbox 615 1756 715 1813; x_wconf 89' lang='lat' dir='ltr'>scribis</span> <span class='ocrx_word' id='word_1_145' title='bbox 735 1765 763 1813; x_wconf 94' lang='lat' dir='ltr'>te</span> <span class='ocrx_word' id='word_1_146' title='bbox 777 1755 849 1812; x_wconf 90' lang='lat' dir='ltr'>velle</span> <span class='ocrx_word' id='word_1_147' title='bbox 869 1755 950 1824; x_wconf 89' lang='lat' dir='ltr'>scire,</span> <span class='ocrx_word' id='word_1_148' title='bbox 965 1755 1015 1830; x_wconf 90' lang='lat' dir='ltr'>qui</span> 
     </span>
     <span class='ocr_line' id='line_1_24' title="bbox 71 1853 1014 1929; baseline -0.004 -18"><span class='ocrx_word' id='word_1_149' title='bbox 71 1855 107 1912; x_wconf 92' lang='lat' dir='ltr'>sit</span> <span class='ocrx_word' id='word_1_150' title='bbox 121 1853 162 1910; x_wconf 91' lang='lat' dir='ltr'>rei</span> <span class='ocrx_word' id='word_1_151' title='bbox 176 1853 308 1929; x_wconf 87' lang='lat' dir='ltr'>publicae</span> <span class='ocrx_word' id='word_1_152' title='bbox 323 1862 421 1925; x_wconf 80' lang='lat' dir='ltr'>statuS,</span> <span class='ocrx_word' id='word_1_153' title='bbox 437 1872 551 1913; x_wconf 90' lang='lat' dir='ltr'>summa</span> <span class='ocrx_word' id='word_1_154' title='bbox 569 1853 713 1912; x_wconf 88' lang='lat' dir='ltr'>dissensio</span> <span class='ocrx_word' id='word_1_155' title='bbox 732 1863 783 1924; x_wconf 79' lang='lat' dir='ltr'>est,</span> <span class='ocrx_word' id='word_1_156' title='bbox 799 1853 851 1911; x_wconf 89' lang='lat' dir='ltr'>sed</span> <span class='ocrx_word' id='word_1_157' title='bbox 866 1853 1014 1910; x_wconf 90' lang='lat' dir='ltr'>eontentio</span> 
     </span>
     <span class='ocr_line' id='line_1_25' title="bbox 70 1950 1016 2028; baseline -0.005 -18"><span class='ocrx_word' id='word_1_158' title='bbox 70 1952 186 2028; x_wconf 80' lang='lat' dir='ltr'>dispar3</span> <span class='ocrx_word' id='word_1_159' title='bbox 208 1969 276 2008; x_wconf 91' lang='lat' dir='ltr'>nam</span> <span class='ocrx_word' id='word_1_160' title='bbox 293 1952 342 2027; x_wconf 92' lang='lat' dir='ltr'>qui</span> <span class='ocrx_word' id='word_1_161' title='bbox 361 1952 426 2028; x_wconf 92' lang='lat' dir='ltr'>plus</span> <span class='ocrx_word' id='word_1_162' title='bbox 445 1953 559 2028; x_wconf 91' lang='lat' dir='ltr'>opibus,</span> <span class='ocrx_word' id='word_1_163' title='bbox 575 1951 671 2022; x_wconf 67' lang='lat' dir='ltr'>armis</span> <span class='ocrx_word' id='word_1_164' title='bbox 686 1951 815 2028; x_wconf 91' lang='lat' dir='ltr'>potentia</span> <span class='ocrx_word' id='word_1_165' title='bbox 831 1950 932 2019; x_wconf 85' lang='lat' dir='ltr'>valent,</span> <span class='ocrx_word' id='word_1_166' title='bbox 948 1967 1016 2024; x_wconf 91' lang='lat' dir='ltr'>pro-</span> 
     </span>
     <span class='ocr_line' id='line_1_26' title="bbox 70 2047 1016 2108; baseline -0.003 -3"><span class='ocrx_word' id='word_1_167' title='bbox 70 2048 175 2106; x_wconf 90' lang='lat' dir='ltr'>fecisse</span> <span class='ocrx_word' id='word_1_168' title='bbox 209 2057 321 2106; x_wconf 88' lang='lat' dir='ltr'>tantum</span> <span class='ocrx_word' id='word_1_169' title='bbox 355 2049 426 2106; x_wconf 90' lang='lat' dir='ltr'>mihi</span> <span class='ocrx_word' id='word_1_170' title='bbox 453 2049 585 2108; x_wconf 90' lang='lat' dir='ltr'>videntur</span> <span class='ocrx_word' id='word_1_171' title='bbox 617 2048 734 2106; x_wconf 89' lang='lat' dir='ltr'>stultitia</span> <span class='ocrx_word' id='word_1_172' title='bbox 764 2058 793 2107; x_wconf 94' lang='lat' dir='ltr'>et</span> <span class='ocrx_word' id='word_1_173' title='bbox 824 2047 1016 2105; x_wconf 89' lang='lat' dir='ltr'>inconstantia</span> 
     </span>
     <span class='ocr_line' id='line_1_27' title="bbox 70 2146 1013 2222; baseline -0.004 -18"><span class='ocrx_word' id='word_1_174' title='bbox 70 2146 308 2216; x_wconf 88' lang='lat' dir='ltr'>adversariorum,</span> <span class='ocrx_word' id='word_1_175' title='bbox 330 2155 362 2204; x_wconf 90' lang='lat' dir='ltr'>ut</span> <span class='ocrx_word' id='word_1_176' title='bbox 392 2148 479 2204; x_wconf 88' lang='lat' dir='ltr'>etiam</span> <span class='ocrx_word' id='word_1_177' title='bbox 507 2147 676 2204; x_wconf 87' lang='lat' dir='ltr'>auctoritate</span> <span class='ocrx_word' id='word_1_178' title='bbox 707 2147 765 2204; x_wconf 90' lang='lat' dir='ltr'>iam</span> <span class='ocrx_word' id='word_1_179' title='bbox 793 2147 859 2222; x_wconf 92' lang='lat' dir='ltr'>plus</span> <span class='ocrx_word' id='word_1_180' title='bbox 880 2146 1013 2202; x_wconf 85' lang='lat' dir='ltr'>valerent.</span> 
     </span>
     <span class='ocr_line' id='line_1_28' title="bbox 70 2243 1016 2320; baseline -0.002 -18"><span class='ocrx_word' id='word_1_181' title='bbox 70 2245 175 2318; x_wconf 90' lang='lat' dir='ltr'>Itaque</span> <span class='ocrx_word' id='word_1_182' title='bbox 189 2244 342 2318; x_wconf 87' lang='lat' dir='ltr'>perpaucis</span> <span class='ocrx_word' id='word_1_183' title='bbox 356 2243 574 2302; x_wconf 90' lang='lat' dir='ltr'>adversantibus</span> <span class='ocrx_word' id='word_1_184' title='bbox 588 2245 696 2315; x_wconf 90' lang='lat' dir='ltr'>omnia,</span> <span class='ocrx_word' id='word_1_185' title='bbox 712 2263 787 2320; x_wconf 90' lang='lat' dir='ltr'>quae</span> <span class='ocrx_word' id='word_1_186' title='bbox 806 2262 843 2300; x_wconf 91' lang='lat' dir='ltr'>ne</span> <span class='ocrx_word' id='word_1_187' title='bbox 857 2262 909 2320; x_wconf 88' lang='lat' dir='ltr'>per</span> <span class='ocrx_word' id='word_1_188' title='bbox 923 2261 1016 2318; x_wconf 92' lang='lat' dir='ltr'>popu-</span> 
     </span>
     <span class='ocr_line' id='line_1_29' title="bbox 69 2341 1017 2418; baseline 0 -20"><span class='ocrx_word' id='word_1_189' title='bbox 69 2341 131 2399; x_wconf 88' lang='lat' dir='ltr'>lum</span> <span class='ocrx_word' id='word_1_190' title='bbox 153 2341 271 2416; x_wconf 90' lang='lat' dir='ltr'>quidem</span> <span class='ocrx_word' id='word_1_191' title='bbox 292 2341 354 2399; x_wconf 90' lang='lat' dir='ltr'>sine</span> <span class='ocrx_word' id='word_1_192' title='bbox 376 2341 516 2400; x_wconf 84' lang='lat' dir='ltr'>seditione</span> <span class='ocrx_word' id='word_1_193' title='bbox 539 2360 570 2399; x_wconf 90' lang='lat' dir='ltr'>se</span> <span class='ocrx_word' id='word_1_194' title='bbox 591 2343 712 2418; x_wconf 88' lang='lat' dir='ltr'>adsequi</span> <span class='ocrx_word' id='word_1_195' title='bbox 733 2344 950 2412; x_wconf 86' lang='lat' dir='ltr'>arbitrabantur,</span> <span class='ocrx_word' id='word_1_196' title='bbox 965 2359 1017 2416; x_wconf 92' lang='lat' dir='ltr'>per</span> 
     </span>
     <span class='ocr_line' id='line_1_30' title="bbox 71 2439 1016 2516; baseline 0 -19"><span class='ocrx_word' id='word_1_197' title='bbox 71 2448 205 2497; x_wconf 89' lang='lat' dir='ltr'>senatum</span> <span class='ocrx_word' id='word_1_198' title='bbox 222 2439 371 2497; x_wconf 87' lang='lat' dir='ltr'>consecuti</span> <span class='ocrx_word' id='word_1_199' title='bbox 392 2450 475 2509; x_wconf 92' lang='lat' dir='ltr'>sunt;</span> <span class='ocrx_word' id='word_1_200' title='bbox 501 2458 571 2496; x_wconf 92' lang='lat' dir='ltr'>nam</span> <span class='ocrx_word' id='word_1_201' title='bbox 592 2450 620 2498; x_wconf 89' lang='lat' dir='ltr'>et</span> <span class='ocrx_word' id='word_1_202' title='bbox 641 2441 817 2516; x_wconf 89' lang='lat' dir='ltr'>stipendium</span> <span class='ocrx_word' id='word_1_203' title='bbox 832 2439 949 2498; x_wconf 88' lang='lat' dir='ltr'>Caesari</span> <span class='ocrx_word' id='word_1_204' title='bbox 967 2441 1016 2497; x_wconf 87' lang='lat' dir='ltr'>de·</span> 
     </span>
     <span class='ocr_line' id='line_1_31' title="bbox 71 2536 1016 2613; baseline 0 -19"><span class='ocrx_word' id='word_1_205' title='bbox 71 2546 183 2595; x_wconf 88' lang='lat' dir='ltr'>cretum</span> <span class='ocrx_word' id='word_1_206' title='bbox 198 2544 242 2592; x_wconf 93' lang='lat' dir='ltr'>est</span> <span class='ocrx_word' id='word_1_207' title='bbox 256 2545 284 2593; x_wconf 92' lang='lat' dir='ltr'>et</span> <span class='ocrx_word' id='word_1_208' title='bbox 299 2536 400 2594; x_wconf 91' lang='lat' dir='ltr'>decem</span> <span class='ocrx_word' id='word_1_209' title='bbox 414 2536 509 2612; x_wconf 87' lang='lat' dir='ltr'>legati,</span> <span class='ocrx_word' id='word_1_210' title='bbox 521 2546 548 2594; x_wconf 92' lang='lat' dir='ltr'>et</span> <span class='ocrx_word' id='word_1_211' title='bbox 563 2555 600 2594; x_wconf 91' lang='lat' dir='ltr'>ne</span> <span class='ocrx_word' id='word_1_212' title='bbox 614 2537 679 2613; x_wconf 86' lang='lat' dir='ltr'>lege</span> <span class='ocrx_word' id='word_1_213' title='bbox 691 2537 864 2613; x_wconf 89' lang='lat' dir='ltr'>Sempronia</span> <span class='ocrx_word' id='word_1_214' title='bbox 879 2537 1016 2595; x_wconf 89' lang='lat' dir='ltr'>suceede-</span> 
     </span>
     <span class='ocr_line' id='line_1_32' title="bbox 70 2632 1016 2708; baseline 0 -16"><span class='ocrx_word' id='word_1_215' title='bbox 70 2645 150 2693; x_wconf 89' lang='lat' dir='ltr'>retur</span> <span class='ocrx_word' id='word_1_216' title='bbox 164 2632 246 2690; x_wconf 86' lang='lat' dir='ltr'>facile</span> <span class='ocrx_word' id='word_1_217' title='bbox 261 2633 420 2708; x_wconf 87' lang='lat' dir='ltr'>perfectum</span> <span class='ocrx_word' id='word_1_218' title='bbox 436 2643 487 2692; x_wconf 89' lang='lat' dir='ltr'>est.</span> <span class='ocrx_word' id='word_1_219' title='bbox 534 2633 625 2706; x_wconf 88' lang='lat' dir='ltr'>Quod</span> <span class='ocrx_word' id='word_1_220' title='bbox 639 2653 675 2694; x_wconf 91' lang='lat' dir='ltr'>eo</span> <span class='ocrx_word' id='word_1_221' title='bbox 690 2634 727 2693; x_wconf 90' lang='lat' dir='ltr'>ad</span> <span class='ocrx_word' id='word_1_222' title='bbox 741 2645 769 2693; x_wconf 89' lang='lat' dir='ltr'>te</span> <span class='ocrx_word' id='word_1_223' title='bbox 784 2635 897 2692; x_wconf 88' lang='lat' dir='ltr'>brevius</span> <span class='ocrx_word' id='word_1_224' title='bbox 912 2635 1016 2704; x_wconf 87' lang='lat' dir='ltr'>scribo,</span> 
     </span>
     <span class='ocr_line' id='line_1_33' title="bbox 71 2731 1015 2808; baseline 0.001 -20"><span class='ocrx_word' id='word_1_225' title='bbox 71 2732 141 2807; x_wconf 88' lang='lat' dir='ltr'>quia</span> <span class='ocrx_word' id='word_1_226' title='bbox 154 2748 202 2786; x_wconf 91' lang='lat' dir='ltr'>me</span> <span class='ocrx_word' id='word_1_227' title='bbox 213 2742 304 2788; x_wconf 88' lang='lat' dir='ltr'>status</span> <span class='ocrx_word' id='word_1_228' title='bbox 316 2731 362 2788; x_wconf 89' lang='lat' dir='ltr'>hic</span> <span class='ocrx_word' id='word_1_229' title='bbox 374 2733 414 2789; x_wconf 91' lang='lat' dir='ltr'>rei</span> <span class='ocrx_word' id='word_1_230' title='bbox 425 2732 557 2808; x_wconf 89' lang='lat' dir='ltr'>publicae</span> <span class='ocrx_word' id='word_1_231' title='bbox 569 2751 631 2791; x_wconf 91' lang='lat' dir='ltr'>non</span> <span class='ocrx_word' id='word_1_232' title='bbox 645 2733 784 2792; x_wconf 89' lang='lat' dir='ltr'>delectat:</span> <span class='ocrx_word' id='word_1_233' title='bbox 804 2733 898 2792; x_wconf 87' lang='lat' dir='ltr'>scribo</span> <span class='ocrx_word' id='word_1_234' title='bbox 910 2742 1015 2803; x_wconf 87' lang='lat' dir='ltr'>tamen,</span> 
     </span>
     <span class='ocr_line' id='line_1_34' title="bbox 71 2812 1085 2909; baseline 0.001 -21"><span class='ocrx_word' id='word_1_235' title='bbox 71 2812 154 2888; x_wconf 42' lang='lat' dir='ltr'>ut&#39;te</span> <span class='ocrx_word' id='word_1_236' title='bbox 180 2829 365 2900; x_wconf 88' lang='lat' dir='ltr'>admoneam,</span> <span class='ocrx_word' id='word_1_237' title='bbox 388 2832 467 2906; x_wconf 93' lang='lat' dir='ltr'>quod</span> <span class='ocrx_word' id='word_1_238' title='bbox 488 2833 560 2907; x_wconf 91' lang='lat' dir='ltr'>ipse,</span> <span class='ocrx_word' id='word_1_239' title='bbox 574 2832 680 2890; x_wconf 66' lang='lat' dir='ltr'>&#39;litteris</span> <span class='ocrx_word' id='word_1_240' title='bbox 702 2833 838 2891; x_wconf 92' lang='lat' dir='ltr'>omnibus</span> <span class='ocrx_word' id='word_1_241' title='bbox 859 2850 877 2890; x_wconf 90' lang='lat' dir='ltr'>a</span> <span class='ocrx_word' id='word_1_242' title='bbox 898 2833 1018 2909; x_wconf 89' lang='lat' dir='ltr'>pueritia</span> <span class='ocrx_word' id='word_1_243' title='bbox 1081 2830 1085 2839; x_wconf 68' lang='lat'>‘</span> 
     </span>
     <span class='ocr_line' id='line_1_35' title="bbox 71 2923 1016 3006; baseline 0 -20"><span class='ocrx_word' id='word_1_244' title='bbox 71 2929 195 2998; x_wconf 69' lang='lat' dir='ltr'>deditus</span> <span class='ocrx_word' id='word_1_245' title='bbox 207 2928 385 3003; x_wconf 84' lang='lat' dir='ltr'>experiendo</span> <span class='ocrx_word' id='word_1_246' title='bbox 400 2940 498 2987; x_wconf 91' lang='lat' dir='ltr'>tamen</span> <span class='ocrx_word' id='word_1_247' title='bbox 513 2930 606 3006; x_wconf 87' lang='lat' dir='ltr'>magis</span> <span class='ocrx_word' id='word_1_248' title='bbox 621 2947 709 3005; x_wconf 90' lang='lat' dir='ltr'>quam</span> <span class='ocrx_word' id='word_1_249' title='bbox 724 2923 866 2988; x_wconf 83' lang='lat' dir='ltr'>discendo</span> <span class='ocrx_word' id='word_1_250' title='bbox 881 2931 1016 3006; x_wconf 83' lang='lat' dir='ltr'>cognovi,</span> 
     </span>
     <span class='ocr_line' id='line_1_36' title="bbox 71 3027 1016 3102; baseline 0 -18"><span class='ocrx_word' id='word_1_251' title='bbox 71 3036 103 3084; x_wconf 92' lang='lat' dir='ltr'>tu</span> <span class='ocrx_word' id='word_1_252' title='bbox 127 3032 161 3084; x_wconf 84' lang='lat' dir='ltr'>ut</span> <span class='ocrx_word' id='word_1_253' title='bbox 185 3027 242 3084; x_wconf 90' lang='lat' dir='ltr'>tuis</span> <span class='ocrx_word' id='word_1_254' title='bbox 270 3027 356 3083; x_wconf 87' lang='lat' dir='ltr'>rebus</span> <span class='ocrx_word' id='word_1_255' title='bbox 384 3027 502 3101; x_wconf 88' lang='lat' dir='ltr'>integris</span> <span class='ocrx_word' id='word_1_256' title='bbox 531 3028 626 3086; x_wconf 91' lang='lat' dir='ltr'>discas</span> <span class='ocrx_word' id='word_1_257' title='bbox 650 3046 745 3102; x_wconf 92' lang='lat' dir='ltr'>neque</span> <span class='ocrx_word' id='word_1_258' title='bbox 774 3027 871 3085; x_wconf 90' lang='lat' dir='ltr'>salutis</span> <span class='ocrx_word' id='word_1_259' title='bbox 899 3037 1016 3085; x_wconf 89' lang='lat' dir='ltr'>nostrae</span> 
     </span>
     <span class='ocr_line' id='line_1_37' title="bbox 70 3123 1016 3202; baseline 0.001 -20"><span class='ocrx_word' id='word_1_260' title='bbox 70 3124 214 3182; x_wconf 91' lang='lat' dir='ltr'>rationem</span> <span class='ocrx_word' id='word_1_261' title='bbox 246 3123 412 3181; x_wconf 89' lang='lat' dir='ltr'>habendam</span> <span class='ocrx_word' id='word_1_262' title='bbox 444 3125 529 3182; x_wconf 92' lang='lat' dir='ltr'>nobis</span> <span class='ocrx_word' id='word_1_263' title='bbox 562 3143 626 3183; x_wconf 89' lang='lat' dir='ltr'>esse</span> <span class='ocrx_word' id='word_1_264' title='bbox 659 3126 721 3182; x_wconf 90' lang='lat' dir='ltr'>sine</span> <span class='ocrx_word' id='word_1_265' title='bbox 750 3125 888 3202; x_wconf 86' lang='lat' dir='ltr'>dignitate</span> <span class='ocrx_word' id='word_1_266' title='bbox 921 3144 1016 3201; x_wconf 89' lang='lat' dir='ltr'>neque</span> 
     </span>
     <span class='ocr_line' id='line_1_38' title="bbox 70 3221 1016 3297; baseline 0.002 -17"><span class='ocrx_word' id='word_1_267' title='bbox 70 3222 220 3297; x_wconf 89' lang='lat' dir='ltr'>dignitatis</span> <span class='ocrx_word' id='word_1_268' title='bbox 248 3222 310 3279; x_wconf 89' lang='lat' dir='ltr'>sine</span> <span class='ocrx_word' id='word_1_269' title='bbox 338 3221 438 3281; x_wconf 86' lang='lat' dir='ltr'>salute.</span> <span class='ocrx_word' id='word_1_270' title='bbox 492 3241 537 3279; x_wconf 91' lang='lat'>11.</span> <span class='ocrx_word' id='word_1_271' title='bbox 571 3221 661 3293; x_wconf 87' lang='lat' dir='ltr'>Quod</span> <span class='ocrx_word' id='word_1_272' title='bbox 685 3223 755 3280; x_wconf 91' lang='lat' dir='ltr'>mihi</span> <span class='ocrx_word' id='word_1_273' title='bbox 774 3222 820 3282; x_wconf 61' lang='lat' dir='ltr'>&#39;de</span> <span class='ocrx_word' id='word_1_274' title='bbox 845 3224 902 3282; x_wconf 86' lang='lat' dir='ltr'>filia</span> <span class='ocrx_word' id='word_1_275' title='bbox 927 3233 955 3281; x_wconf 90' lang='lat' dir='ltr'>et</span> <span class='ocrx_word' id='word_1_276' title='bbox 980 3224 1016 3282; x_wconf 91' lang='lat' dir='ltr'>de</span> 
     </span>
     <span class='ocr_line' id='line_1_39' title="bbox 71 3320 1016 3405; baseline 0 -27"><span class='ocrx_word' id='word_1_277' title='bbox 71 3320 246 3396; x_wconf 90' lang='lat' dir='ltr'>Crassipede</span> <span class='ocrx_word' id='word_1_278' title='bbox 275 3320 432 3394; x_wconf 90' lang='lat' dir='ltr'>gratularis,</span> <span class='ocrx_word' id='word_1_279' title='bbox 455 3338 585 3395; x_wconf 86' lang='lat' dir='ltr'>agnosco</span> <span class='ocrx_word' id='word_1_280' title='bbox 606 3321 816 3378; x_wconf 87' lang='lat' dir='ltr'>humanitatem</span> <span class='ocrx_word' id='word_1_281' title='bbox 843 3335 922 3405; x_wconf 86' lang='lat' dir='ltr'>tuam</span> <span class='ocrx_word' id='word_1_282' title='bbox 951 3339 1016 3396; x_wconf 92' lang='lat' dir='ltr'>spe-</span> 
     </span>
     <span class='ocr_line' id='line_1_40' title="bbox 70 3418 1010 3495; baseline -0.001 -18"><span class='ocrx_word' id='word_1_283' title='bbox 70 3435 165 3495; x_wconf 89' lang='lat' dir='ltr'>roque</span> <span class='ocrx_word' id='word_1_284' title='bbox 187 3426 216 3476; x_wconf 88' lang='lat' dir='ltr'>et</span> <span class='ocrx_word' id='word_1_285' title='bbox 236 3427 306 3494; x_wconf 92' lang='lat' dir='ltr'>opto</span> <span class='ocrx_word' id='word_1_286' title='bbox 327 3418 413 3476; x_wconf 91' lang='lat' dir='ltr'>nobis</span> <span class='ocrx_word' id='word_1_287' title='bbox 433 3418 509 3477; x_wconf 89' lang='lat' dir='ltr'>hane</span> <span class='ocrx_word' id='word_1_288' title='bbox 531 3418 768 3477; x_wconf 88' lang='lat' dir='ltr'>coniunctionem</span> <span class='ocrx_word' id='word_1_289' title='bbox 782 3419 918 3494; x_wconf 89' lang='lat' dir='ltr'>voluptati</span> <span class='ocrx_word' id='word_1_290' title='bbox 942 3418 1010 3478; x_wconf 83' lang='lat' dir='ltr'>fore.</span> 
     </span>
    </p>
   </div>
   <div class='ocr_carea' id='block_1_6' title="bbox 0 0 1189 3810">
    <p class='ocr_par' dir='ltr' id='par_1_6' title="bbox 0 0 1189 3810">
     <span class='ocr_line' id='line_1_41' title="bbox 0 0 1189 3810; baseline 0 0"><span class='ocrx_word' id='word_1_291' title='bbox 0 0 1189 3810; x_wconf 95' lang='lat' dir='ltr'> </span> 
     </span>
    </p>
   </div>
  </div>
 </body>
</html>
