2356 3810
63 237 65 242 ’
115 223 308 306 Ep.111‚112.]
346 234 788 285 EPIST.ADATT10UMXIV.
806 240 856 287 21.
996 240 1057 305 229

116 386 187 458 Quo
201 386 278 445 facto
293 387 459 464 intellegere
474 385 563 447 debes
577 389 607 447 in
626 399 654 448 te
668 390 794 466 positam
812 407 876 448 esse
890 407 952 447 rem
965 387 1058 463 publi-

79 486 84 494 '
115 504 182 542 cam
196 485 305 562 tibique
319 503 380 543 non
395 487 485 544 modo
501 487 633 558 tuendos,
648 488 700 545 sed
720 488 807 545 etiam
826 486 973 544 ornandos
993 503 1058 543 esse

114 583 179 640 illos
193 583 277 653 viros,
293 602 311 641 a
325 585 431 659 quibus
446 584 558 641 initium
572 584 709 643 libertatis
723 584 886 660 profectum
904 592 955 641 est.
999 582 1057 641 Sed

114 681 160 738 his
182 681 218 739 de
238 683 325 739 rebus
347 699 446 739 coram
466 681 549 756 plura
568 681 748 757 propediem,
763 691 794 738 ut
815 699 917 756 spero:
938 690 970 738 tu
984 697 1056 755 quo-
1095 715 1096 718 =

115 779 196 835 niam
214 796 275 836 rern
292 778 437 854 publicam
459 796 571 854 nosque
593 796 753 848 conservas,
768 777 815 836 fac
828 786 860 836 ut
874 776 1056 853 diligentissi-

115 893 164 934 me
179 877 325 952 teipsum,
340 877 381 933 mi
395 875 555 945 Dolabella,
571 876 726 935 custodias.

311 1035 377 1089 112.
419 1031 475 1089 ΑΙ)
496 1029 691 1088 ATTICUM
712 1029 794 1088 XIV.
819 1049 863 1088 21.

164 1143 230 1204 Sem
251 1163 282 1204 m
302 1146 480 1204 Puusonnno
501 1164 528 1204 n.
542 1164 571 1203 n.
584 1163 612 1202 v.
632 1144 701 1202 Inus
723 1143 821 1203 unns
840 1161 923 1204 nuc.
946 1157 1014 1218 710.

469 1269 571 1310 cronno
593 1267 706 1310 nrsroo.

126 1404 127 1407 η
164 1383 189 1424 1.
214 1365 284 1425 Cuu
308 1367 396 1442 paulo
422 1376 489 1424 ante
515 1364 660 1424 dedissem
684 1363 722 1423 ad
745 1373 774 1422 te
798 1362 891 1423 Cassii
912 1363 1058 1423 tabellario

119 1465 235 1534 litteras,
249 1483 276 1522 v.
291 1465 362 1523 ldus
383 1465 459 1522 venit
480 1473 579 1521 noster
602 1462 773 1533 tabellarius,
794 1472 823 1520 et
844 1461 970 1539 quidem,
991 1479 1059 1537 por·

119 1562 191 1618 tenti
210 1562 310 1632 simile,
325 1563 386 1620 sine
403 1562 459 1618 tuis
478 1561 594 1632 litteris3
617 1561 669 1619 sed
689 1561 747 1619 cito
766 1560 877 1619 conieci
892 1559 1015 1618 Lanuvii
1031 1568 1060 1616 te

121 1658 217 1716 luisse.
259 1658 336 1717 Eros
352 1669 450 1717 autem
464 1658 614 1729 festinavit,
629 1669 661 1717 ut
680 1659 717 1718 ad
735 1677 783 1717 me
801 1658 910 1716 litterae
923 1656 1060 1716 Dolabel-

121 1756 165 1813 lae
189 1756 389 1831 perferrentur,
412 1775 473 1814 non
496 1756 533 1813 de
557 1775 588 1814 re
616 1757 854 1815 mea-nondum
877 1756 955 1814 enim
979 1772 1060 1812 meas

122 1865 323 1929 acceperat-,
339 1854 391 1912 sed
404 1854 549 1929 rescripsit
567 1853 676 1926 adeas,
692 1872 814 1930 quarum
831 1854 996 1929 exemplum
1009 1852 1060 1910 tibi
1164 1918 1167 1922 Δ

121 1953 266 2023 miseram,
287 1969 357 2010 sane
378 1951 529 2009 luculente.
576 1969 602 2009 a.
624 1951 672 2008 Ad
693 1969 740 2008 me
760 1959 866 2020 autem,
885 1968 952 2008 cum
967 1949 1060 2008 Cassii

121 2051 299 2111 tabellarium
316 2051 496 2120 dimisissem,
512 2051 608 2108 statim
622 2049 738 2108 Balbus
781 2048 809 2108 Ο
824 2049 870 2108 dei
883 2050 961 2120 boni,
973 2067 1061 2123 quam

121 2149 205 2220 facile
228 2149 406 2224 perspiceres
430 2148 530 2206 timere
555 2150 663 2206 otiuml
696 2157 725 2206 et
748 2147 825 2205 nosti
849 2148 949 2216 virum,
973 2165 1061 2222 quam

122 2258 215 2305 tectus
226 2266 234 2318 ;
258 2248 309 2304 sed
330 2258 428 2305 tamen
448 2246 568 2303 Antonii
590 2246 710 2304 consilia
729 2247 882 2303 narrabat:
907 2244 986 2301 illurn
1007 2244 1062 2302 cir·

122 2345 232 2403 cumire
254 2355 412 2414 veteranos,
437 2354 469 2401 ut
497 2353 562 2400 acta
586 2342 717 2401 Caesaris
746 2343 889 2401 sancirent
915 2341 1002 2418 idque
1030 2360 1062 2400 se

122 2445 250 2503 facturos
277 2461 341 2502 esse
369 2443 501 2519 iurarent,
525 2451 557 2500 ut
584 2452 647 2500 rata
674 2459 778 2499 omnes
801 2441 942 2500 haberent
969 2459 1062 2517 eaque

122 2542 266 2600 duumviri
294 2541 429 2598 omnibus
456 2540 605 2598 mensibus
633 2540 816 2615 inspicerent.
858 2538 987 2612 Questus
1019 2551 1063 2599 est

123 2641 210 2697 etiarn
236 2639 273 2696 de
297 2656 349 2695 sua
373 2637 487 2707 invidia,
510 2655 602 2713 eaque
627 2638 722 2696 omnis
745 2639 807 2696 eius
832 2639 924 2696 oratio
947 2637 1008 2710 fuit,
1031 2649 1063 2697 ut

122 2755 219 2795 amare
233 2736 376 2794 videretur
391 2736 560 2793 Antonium.
603 2735 683 2806 Quid
704 2737 836 2812 quaeris?
857 2735 927 2793 nihil
948 2737 1060 2794 sinceri.

123 2855 150 2909 3.
173 2833 248 2891 Mihi
262 2843 358 2890 autem
372 2851 433 2891 non
447 2843 491 2891 est
504 2833 624 2890 dubium
638 2834 707 2909 quin
721 2852 767 2892 res
782 2842 890 2908 spectet
904 2833 941 2891 ad
952 2843 1061 2904 castra;

122 2941 187 2990 acta
207 2931 285 2988 enim
306 2930 353 2987 illa
373 2948 419 2987 res
440 2940 484 2988 est
504 2931 603 2988 animo
619 2931 698 3000 virili,
713 2930 835 2989 consilio
855 2931 973 3008 puerili:
996 2931 1062 3005 quis

122 3031 201 3089 enim
215 3029 272 3086 hoc
291 3046 353 3086 non
367 3028 444 3098 vidit,
459 3029 542 3104 regni
556 3027 692 3086 heredem
706 3028 856 3087 relictum?
878 3028 948 3104 quid
964 3038 1061 3086 autem

121 3127 293 3186 absurdius?

301 3232 346 3279 hoc
363 3241 471 3287 metuere,
488 3232 584 3279 alterum
600 3233 624 3279 in
640 3241 703 3279 metu
720 3246 767 3278 non
783 3231 885 3293 ponere?

123 3323 206 3395 Quin
227 3323 314 3380 etiam
335 3323 392 3380 hoc
413 3323 478 3398 ipso
500 3332 631 3398 tempore
652 3324 741 3381 multa
761 3327 925 3381 momoria.
967 3321 1063 3381 Pontii

124 3421 352 3498 Neapolitanum
374 3439 391 3478 a
411 3430 502 3480 matre
523 3423 726 3498 tyrannoctoni
741 3421 902 3498 possideri?
923 3420 1063 3497 legendus
