2356 3810
163 224 221 271 122
428 219 467 268 M.
493 219 610 267 cunm
633 220 821 268 CICERONIS
986 208 1056 290 [Pars
1071 222 1103 269 11.

159 367 280 425 consilio
298 367 328 424 in
344 367 470 426 Siciliam
490 387 538 426 me
559 370 678 440 mittere,
695 370 775 444 quod
794 368 948 444 imperium
968 369 1103 427 habeam.

158 466 194 522 Id
209 475 252 524 est
264 466 447 539 Ἀβδηριτικόν.
488 466 551 525 Nec
566 468 643 524 enim
663 477 779 525 senatus
795 468 919 525 decrevit
938 485 992 524 nec
1007 485 1103 543 popu·

159 563 203 621 lus
231 563 312 620 iussit
339 581 386 621 me
412 563 565 639 imperium
590 565 619 621 in
645 563 740 622 Sicilia
763 564 886 635 habere;
913 565 958 622 sin
978 564 1035 623 hoc
1057 576 1104 622 res

159 660 274 737 publica
289 660 326 718 ad
340 659 513 736 Pompeium
532 661 630 732 defert,
645 662 695 737 qui
715 680 762 719 me
784 663 878 736 magis
898 680 987 738 quam
1008 662 1103 737 priva-

160 768 221 815 tum
235 757 360 832 aliquem
374 759 485 817 mittat?
507 759 611 833 itaque,
627 759 650 816 si
670 759 727 816 hoc
746 759 898 834 imperium
912 759 982 816 mihi
996 760 1104 817 moles-

159 865 220 912 tum
236 856 294 925 erit,
310 865 373 912 utar
394 874 429 912 ea
449 865 541 931 porta,
557 874 646 931 quam
667 857 791 932 primam
812 856 921 914 videro.
966 870 992 930 5.
1015 856 1104 926 Nam,

160 952 241 1028 quod
270 953 369 1011 scribis
392 953 542 1010 mirificam
563 955 811 1029 exspectationem
833 971 897 1012 esse
921 955 979 1012 mei
1007 972 1103 1029 neque

159 1063 257 1110 tamen
276 1069 453 1128 quemquam
473 1054 619 1110 bonorum
635 1061 684 1110 aut
706 1053 774 1110 satis
796 1053 942 1110 bonorum
963 1052 1103 1122 dubitare,

160 1150 230 1224 quid
250 1149 377 1207 facturus
402 1149 465 1220 sim,
487 1168 552 1224 ego,
575 1167 649 1224 quos
670 1160 702 1208 tu
722 1152 818 1208 bonos
842 1168 907 1208 esse
930 1151 1018 1219 dicas,
1040 1168 1103 1207 non

160 1248 400 1323 intellego—ipse
421 1247 516 1305 nullos
541 1249 658 1320 novi-,
682 1249 733 1306 sed
754 1248 801 1317 ita,
824 1248 847 1305 si
869 1247 985 1305 ordines
1006 1249 1101 1306 bono·

160 1365 223 1403 rum
238 1345 411 1422 quaerimus.
453 1344 531 1402 Nam
547 1346 704 1421 singulares
719 1354 786 1403 sunt
800 1345 869 1403 boni
885 1345 944 1415 viri,
959 1363 1059 1402 verum
1073 1346 1103 1402 in

160 1442 387 1500 dissensionibus
402 1443 518 1500 ordines
529 1444 673 1501 bonorum
687 1452 716 1501 et
726 1460 835 1519 genera
849 1442 1014 1519 quaerenda
1028 1456 1102 1501 sunt.

160 1539 299 1597 Senatum
315 1539 427 1596 bonum
442 1549 534 1614 putas,
550 1559 602 1615 per
621 1558 708 1615 quem
726 1541 787 1599 sine
801 1540 923 1614 imperio
937 1539 1103 1615 provinciae

159 1647 225 1696 sunt
236 1638 448 1713 ?-numquam
462 1637 539 1695 enirn
559 1637 647 1696 Curio
666 1638 854 1708 sustinuisset,
871 1638 895 1695 si
912 1656 979 1695 cum
997 1655 1034 1695 eo
1054 1640 1102 1713 agi

160 1745 296 1809 coeptum
316 1743 399 1807 esset,
415 1753 503 1810 quarn
522 1737 694 1795 sententiam
712 1745 828 1794 senatus
848 1735 929 1810 sequi
949 1735 1049 1806 noluit,
1064 1754 1101 1793 ex

160 1851 220 1907 qun
234 1832 341 1890 factum
361 1843 404 1890 est
424 1842 454 1890 ut
469 1831 586 1890 Caesari
600 1838 661 1891 non
680 1834 959 1891 succederenu-an
973 1833 1100 1908 publica-⁸

160 1930 236 1988 nos?
259 1932 308 2006 qui
329 1948 489 2005 numquam
509 1930 590 2002 firmi,
606 1930 657 1988 sed
676 1949 754 1988 nunc
769 1929 886 1988 Caesari
905 1940 972 1988 sunt
986 1931 1100 1989 amicis-

160 2029 314 2099 simi-an
324 2026 532 2086 faeneratores?
555 2047 592 2086 an
601 2028 756 2103 agricolas?
774 2029 878 2104 quibus
887 2029 1100 2103 optatissimum

160 2137 203 2183 est
218 2127 317 2197 otium,
333 2126 388 2183 nisi
402 2143 454 2183 eos
474 2125 574 2183 timere
593 2138 686 2202 putaS,
701 2144 738 2184 ne
754 2128 807 2184 sub
821 2143 913 2201 regno
928 2127 993 2196 sint,
1008 2127 1058 2201 qui
1071 2127 1102 2184 id

161 2242 329 2299 numquam,
342 2225 412 2282 dum
425 2223 515 2281 modo
530 2225 615 2282 otiosi
635 2234 741 2296 essent,
753 2233 930 2282 recusarunt.
973 2225 999 2282 6.
1022 2224 1102 2295 Quid

161 2323 251 2396 ergo?
273 2322 429 2379 exercitum
443 2321 598 2392 retinentis
609 2340 676 2380 cum
690 2321 761 2396 legis
776 2322 838 2380 dies
852 2322 1001 2393 transierit,
1016 2325 1102 2380 ratio-

160 2437 229 2475 nem
244 2419 342 2476 haberi
356 2419 469 2494 placet?
491 2418 565 2475 Mihi
579 2437 647 2477 vero
667 2438 704 2476 ne
723 2420 850 2478 absentis
867 2419 992 2495 quidem.
1035 2420 1101 2492 Sed,

161 2535 228 2573 curn
249 2517 278 2573 id
294 2517 392 2573 datum
407 2526 459 2586 est,
473 2515 543 2574 illud
558 2535 616 2574 una
631 2517 729 2575 datum
744 2528 795 2575 est.
838 2519 1010 2575 ‘Annorum
1025 2521 1103 2578 enim

161 2614 264 2671 decem
278 2614 430 2688 imperium
444 2623 472 2671 et
486 2614 525 2671 ita
538 2614 627 2672 latum
635 2617 728 2690 placet
733 2612 765 2672 θ’
801 2615 898 2674 Placet
918 2616 1003 2690 igitur
1017 2618 1104 2675 etiam

160 2730 207 2768 me
223 2712 376 2787 expulsum
391 2721 418 2768 et
437 2731 540 2786 agrum
555 2711 738 2787 Campanum
757 2714 863 2787 perisse
886 2723 915 2771 et
933 2715 1104 2788 adoptatum

161 2811 312 2886 patricium
333 2829 351 2866 a
370 2809 494 2885 plebeio,
511 2809 687 2868 Gaditanum
702 2829 720 2868 a
734 2810 920 2887 Mytilenae0‚
934 2821 963 2869 et
983 2811 1105 2871 Labieni

162 2907 274 2965 divitiae
295 2916 324 2965 et
346 2907 511 2966 Mamurrae
531 2908 646 2983 placent
666 2918 695 2966 et
715 2908 798 2965 Balbi
818 2908 893 2965 horti
914 2918 942 2966 et
963 2908 1105 2967 Tuscula-

162 3023 241 3063 num.
294 3003 351 3062 Sed
378 3005 482 3063 horum
507 3006 638 3063 omniurn
666 3005 732 3063 fons
760 3023 835 3063 unus
863 3015 922 3063 est:
958 3005 1104 3065 imbecillo

161 3102 352 3160 resistendum
367 3102 426 3173 fuit,
441 3113 470 3160 et
484 3103 513 3161 id
528 3113 588 3161 erat
601 3103 701 3174 facile;
724 3121 802 3160 nunc
816 3103 946 3178 legiones
961 3122 1008 3174 xn,
1023 3105 1104 3179 equi·

162 3211 236 3258 tatus
259 3210 361 3272 tantus
376 3210 516 3276 quantum
538 3201 622 3270 volet,
638 3200 848 3275 Transpadani,
863 3201 963 3276 plebes
984 3203 1103 3273 urbana,

87 3307 91 3314 '
161 3309 205 3357 tot
233 3299 336 3355 tribuni
364 3299 411 3374 pl,
436 3310 496 3356 tam
524 3299 634 3374 perdita
661 3298 801 3368 iuventuS,
830 3307 908 3355 tanta
936 3299 1103 3356 auctoritate

162 3397 229 3468 dux,
246 3407 323 3455 tanta
339 3398 466 3456 audacia.
509 3396 584 3456 Cum
606 3398 662 3456 hoc
682 3407 731 3455 aut
745 3397 973 3472 depugnandum
993 3405 1036 3454 est
1055 3406 1104 3455 aut
