2356 3810
115 229 178 293 244
391 225 430 276 M.
456 225 576 274 rnatu
597 225 784 276 nicanorus·
940 213 1010 298 [rm
1024 226 1054 275 u.

114 403 178 442 sum
194 385 232 444 ad
246 383 395 460 Inalpinos
410 402 477 442 cum
491 384 626 454 exercitu,
641 403 703 442 non
723 393 783 442 tam
802 385 912 440 nomeu
930 382 1054 458 impera·

114 484 220 539 torium
243 492 363 557 captans
385 500 472 557 quam
495 483 614 557 cupiens
638 482 775 539 militibus
798 481 867 538 satis
891 478 988 538 facere
1011 481 1054 536 fir·

115 597 309 655 mosqueeos
331 579 511 646 adtuendas
533 589 646 638 nostras
666 587 720 637 res'
733 577 862 636 efficere:
883 577 964 652 quod
987 577 1054 635 mihi

83 660 86 664 ⁴
115 674 214 732 videor
238 683 428 746 consecutus3
452 693 478 733 a.
500 692 569 732 nam
591 682 620 732 et
646 672 843 730 liberalitatem
870 680 1001 729 nostram
1029 681 1056 728 et

115 769 245 824 animum
260 777 327 825 sunt
344 767 461 842 experti.
505 766 581 825 Cum
601 766 732 825 omnium
752 763 978 822 bellicosissimis
997 764 1055 821 bel-

115 864 175 921 lum
196 864 273 939 gessi
280 884 289 936 ;
311 865 402 922 multa
422 864 538 923 castella
558 865 630 940 cepi,
651 863 742 921 multa
762 861 870 920 vastavi
877 879 885 933 ;
911 879 974 920 non
996 862 1056 920 sine

115 980 204 1019 causa
218 961 255 1019 ad
267 972 399 1020 senatum
413 961 519 1029 litteras
533 962 606 1022 misi.
635 961 749 1019 Adiuva
763 977 818 1018 nos
833 969 882 1017 tua
896 961 1056 1031 sententia;

115 1060 195 1133 quod
217 1058 462 1130 cumpfacies'ex
485 1077 594 1136 magna
617 1069 699 1135 parte
723 1057 872 1116 communi
896 1057 1057 1116 commodo

115 1170 284 1212 mservrens.
344 1191 345 1194 =

321 1301 387 1356 121.
429 1297 486 1356 ΑΙ)
507 1294 703 1356 ATTICUM
724 1295 805 1354 XVI.
827 1297 854 1354 8.

119 1403 184 1464 Sca.
199 1423 229 1463 ru
250 1404 429 1464 Pumomuo
447 1402 678 1464 A.n.1v.Nouns
697 1402 877 1462 Novnuanas
889 1403 977 1464 'atto
992 1419 1056 1478 710.

443 1529 545 1570 menno
559 1528 665 1569 Arrrco
679 1529 741 1568 sar..

162 1640 187 1680 1.
210 1620 280 1679 Cuir
302 1621 399 1692 sciam,
415 1640 474 1696 quo
496 1622 542 1679 die
562 1629 698 1678 venturus
720 1621 782 1691 sim,
800 1620 905 1679 faciam
922 1631 954 1679 ut
976 1622 1059 1680 scias.

118 1720 332 1794 Impedimenta
350 1719 546 1794 exspectanda
565 1729 638 1788 sunt,
654 1737 727 1794 quae
741 1719 877 1793 Anagnia
890 1721 1017 1790 veniunt,
1033 1731 1062 1778 et

120 1817 227 1875 familia
241 1835 327 1892 aegra
341 1825 393 1874 est.
423 1815 489 1875 Kal.
500 1817 612 1892 vesperi
626 1817 733 1874 litterae
747 1815 817 1872 mihi
832 1817 869 1874 ab
881 1815 1062 1876 Octaviano:

120 1933 229 1991 magna
248 1914 371 1972 molitur.
414 1914 586 1986 Veteranos,
601 1915 650 1990 qui
669 1913 788 1972 Casilini
802 1923 831 1970 et
846 1913 974 1972 Calatiae
988 1922 1062 1984 sunt,

120 2014 254 2091 perduxit
279 2012 317 2070 ad
345 2030 427 2070 suam
444 2013 644 2083 ‘sententiam3
673 2030 728 2070 nec
752 2012 873 2071 mirum:
896 2013 1063 2090 quingenos

122 2113 256 2171 denarios
271 2111 327 2169 dat.
371 2109 486 2186 Cogitat
500 2110 623 2184 reliquas
638 2110 766 2167 colonias
785 2111 881 2180 obire3
904 2111 991 2186 plane
1005 2112 1064 2172 hoc

122 2219 241 2286 spectat,
256 2218 287 2266 ut
307 2226 339 2267 se
358 2208 432 2267 duce
446 2208 552 2267 bellum
566 2217 681 2283 geratur
696 2225 762 2265 cum
776 2207 915 2266 Antonio.
959 2209 1063 2287 Itaque

121 2309 204 2366 video
227 2299 329 2382 paucis
354 2307 455 2365 diebus
479 2324 534 2365 nos
562 2306 593 2362 in
618 2306 704 2362 armis
729 2304 798 2363 fore.
842 2304 939 2389 Quem
965 2318 1069 2388 autem

123 2406 297 2481 sequamur?
318 2395 382 2463 vide
401 2423 519 2475 nomen,
534 2403 599 2461 vide
614 2412 745 2461 aetatem.
787 2403 886 2488 Atque
901 2421 918 2460 a
931 2422 980 2463 me
994 2425 1065 2482 pos·

122 2507 199 2574 tulat,
215 2505 341 2578 primum
355 2513 386 2562 ut
400 2504 474 2561 clam
493 2503 672 2578 colloquatur
690 2521 806 2560 mecum
820 2503 864 2561 vel
884 2503 1005 2580 Capuae
1024 2508 1072 2568 vel¹

122 2623 175 2661 non
185 2604 261 2677 longe
271 2621 290 2658 a
303 2599 419 2675 Capua:
435 2601 541 2678 puerile
552 2601 608 2658 hoc
618 2601 743 2676 quidem,
749 2602 772 2658 si
784 2601 814 2658 id
824 2611 905 2676 putat
917 2602 992 2660 clam
1004 2605 1070 2685 fieri¹

122 2719 227 2778 posse;
250 2698 336 2758 docui
350 2718 401 2776 per
415 2699 522 2758 litteras
536 2700 566 2757 id
580 2684 635 2757 nec
650 2717 725 2775 opus
740 2717 804 2756 esse
821 2717 875 2756 nec
891 2700 951 2756 fieri
966 2720 1064 2776 posse.

125 2820 152 2858 2.
176 2797 257 2856 Misit
271 2797 308 2856 ad
319 2806 370 2856 'me
385 2796 543 2856 Caecinam
558 2797 705 2873 quendam
715 2795 946 2867 Volaterranum,
961 2798 1065 2857 famili-

124 2915 203 2955 arem
228 2913 322 2966 suum,
347 2896 395 2970 qui
423 2895 494 2954 haec
522 2895 644 2971 pertulit,
666 2894 827 2951 Antonium
854 2912 922 2952 cum
949 2895 1066 2971 legione

124 2993 301 3051 Alaudarum
315 2993 352 3050 ad
370 2994 471 3051 urbem
491 3011 620 3068 pergere,
634 2993 772 3069 pecunias
789 2991 954 3069 municipiis
974 2994 1068 3069 impe·

125 3112 196 3161 rare,
219 3090 365 3165 legionem
392 3091 446 3148 sub
474 3091 564 3165 signis
592 3091 704 3149 ducere.
747 3088 945 3159 Consultabat,
970 3101 1067 3150 utrum

127 3191 254 3248 Romam
274 3206 341 3246 cum
362 3205 406 3247 cro
428 3204 472 3246 cro
491 3204 542 3247 cro.
558 3198 759 3247 veteranorum
777 3187 1013 3263 proficisceretur,
1029 3210 1067 3247 an

127 3287 259 3363 Capuam
270 3295 379 3343 teneret
393 3295 422 3343 et
432 3286 594 3344 Antonium
606 3286 767 3344 venientem
781 3285 953 3356 excluderet,
963 3304 1001 3342 an
1016 3288 1069 3344 iret

128 3384 165 3442 ad
184 3395 240 3442 tres
260 3383 389 3459 legiones
409 3382 627 3456 Macedonicas,
641 3401 716 3460 quae
735 3383 787 3441 iter
808 3383 969 3443 secundum
988 3402 1068 3443 mare
