2356 3810
167 190 227 274 106
442 221 481 273 ru.
508 222 627 271 runnu
649 221 837 270 crassorum
874 228 880 233 ·
988 205 1057 294 [rus
1073 222 1106 272 u.

162 385 223 443 tuo,
248 373 344 432 multis
370 371 450 434 aliist
478 372 504 432 si
532 371 693 448 praefectus
720 372 804 430 vellet
831 388 895 430 esse
919 371 1107 448 syngraphae

162 491 258 542 causa,
273 491 321 529 me
338 481 503 530 curaturum
522 480 554 528 ut
568 471 707 546 exigeret.
750 469 865 528 Gratias
884 470 952 544 egit,
967 471 1106 528 discessit.

163 571 279 645 Appius
312 577 411 626 noster
443 577 553 626 turmas
585 567 696 642 aliquot
723 567 857 642 equitum
888 566 1007 624 dederat
1040 568 1108 625 huic

121 663 125 671 ’
164 668 289 744 Scaptio,
310 684 363 742 per
383 683 459 741 quas
487 664 658 723 Salaminios
678 671 833 734 coerceret,
852 672 884 720 et
905 664 1034 722 eundem
1055 664 1107 722 ha-

161 769 264 823 buerat
281 763 457 840 praefectum
467 781 475 834 ;
496 763 618 820 vexabat
636 761 818 820 Salaminios,
860 761 927 837 Ego
941 764 1052 838 equites
1070 783 1107 822 ex

161 861 263 938 Cypro
281 861 421 922 decedere
442 860 535 933 iussit,
549 859 668 918 moleste
688 859 752 917 tulit
774 859 914 935 Scaptius
959 878 1005 919 rr.
1024 860 1108 932 Quid

162 960 272 1018 multa?
306 959 396 1039 utei
428 957 516 1016 fidem
546 975 643 1014 meam
674 967 860 1033 praestarem,
889 976 956 1016 cum
988 959 1026 1017 ad
1059 978 1107 1018 me

162 1057 311 1116 Salaminii
332 1056 459 1114 Tarsum
479 1055 624 1113 venissent
642 1063 673 1112 et
693 1055 724 1111 in
745 1055 782 1112 iis
808 1054 948 1130 Scaptius
969 1055 1108 1131 imperavi

163 1166 196 1215 ut
213 1156 367 1231 pecuniam
386 1153 538 1212 solverent.
580 1151 673 1210 Multa
694 1153 730 1211 de
750 1152 925 1228 syngrapha,
939 1151 977 1210 de
995 1151 1108 1228 -Seaptii

163 1252 291 1312 iniuriis:
312 1252 417 1326 negavi
437 1267 485 1308 me
506 1250 613 1308 audire.
656 1248 798 1309 Hortatus
818 1268 894 1320 sum,
913 1251 1000 1325 petivi
1020 1252 1108 1308 etiam

162 1367 218 1426 pro
242 1351 314 1408 meis
335 1349 374 1406 'in
399 1349 541 1406 civitatem
565 1345 720 1417 beneficiis,
742 1356 775 1406 ut
802 1348 954 1422 negotium
978 1349 1109 1406 confice-

163 1457 245 1519 rent3
267 1448 392 1522 denique
410 1445 468 1503 dixi
488 1464 536 1504 me
549 1428 728 1503 coacturum.
771 1444 917 1503 Homines
935 1463 998 1503 non
1017 1446 1108 1504 modo

161 1561 225 1602 non
247 1562 389 1614 recusare,
411 1543 464 1601 sed
488 1543 575 1601 etiam
599 1542 656 1601 hoc
680 1543 785 1614 dicere,
809 1561 840 1601 se
861 1561 881 1600 a
903 1561 953 1600 me
976 1542 1108 1615 solvere;

127 1632 128 1636 ¹
161 1640 245 1716 quod
261 1641 340 1722 enirn
361 1641 484 1717 praetori
504 1640 573 1699 dare
594 1650 793 1710 consuessent,
813 1640 952 1715 quoniam
969 1658 1028 1716 ego
1048 1658 1109 1699 non

163 1752 342 1813 acceperam,
366 1757 398 1797 se
422 1756 440 1796 a
461 1756 509 1796 me
535 1739 665 1814 quodam
693 1738 785 1795 modo
807 1738 887 1807 dare,
911 1747 997 1813 atque
1021 1739 1110 1796 etiarn

162 1836 259 1892 minus
282 1853 346 1894 esse
368 1836 514 1912 aliquanto
536 1836 566 1893 in
588 1835 695 1911 Scaptii
717 1836 835 1894 nomine
857 1853 948 1910 quarn
971 1836 1001 1892 in
1022 1838 1110 1894 vecti·

163 1933 221 2008 gali
255 1934 408 2008 praetorio.
461 1932 629 1992 Collaudavi
663 1933 806 1999 homines.
857 1930 985 2003 ‘Recte'
1016 1933 1110 2008 inquit

163 2030 298 2106 Scaptius
316 2031 384 2090 ‘sed
406 2031 601 2090 subducamus
622 2030 783 2088 summam!
825 2029 945 2088 Interim
963 2048 1032 2090 cum
1050 2049 1109 2105 ego

162 2130 195 2188 in
223 2129 316 2188 edicto
345 2130 483 2188 tralaticio
507 2129 681 2188 contesimas
705 2147 753 2186 me
774 2129 995 2186 observaturum
1017 2127 1111 2186 habe·

164 2245 226 2285 rem
257 2245 324 2284 cum
355 2227 536 2285 anatocismo
566 2225 769 2296 anniversario,
798 2225 845 2283 ille
876 2243 913 2283 ex
943 2226 1111 2301 syngrapha

163 2325 329 2400 postulabat
352 2336 517 2401 quaternas.
559 2323 656 2395 ‘Quid
680 2323 757 2382 aisi'
788 2323 908 2398 inquam
932 2327 1111 2400 ‘possumne

163 2432 267 2480 contra
286 2440 386 2480 meum
406 2420 568 2480 edicttunl'
597 2421 636 2479 At
657 2420 703 2478 ille
724 2420 832 2495 profert
854 2426 971 2484 senatus
994 2422 1110 2479 consul-

164 2529 227 2577 tum
255 2518 378 2578 Lentulo
407 2519 599 2594 Philippoque
626 2517 803 2588 consulibus,
829 2535 868 2575 vr
895 2535 944 2585 ovr
972 2517 1111 2577 Curcum

164 2634 329 2675 casmenas
349 2634 394 2675 ivs
414 2635 452 2676 ux
473 2635 541 2674 runa
561 2633 729 2674 suuomrrra
750 2632 882 2674 nicenus.
929 2634 973 2672 ra.
996 2614 1111 2673 Cohor-

165 2714 209 2773 rui
233 2715 344 2790 prim03
377 2714 483 2788 etenim
508 2723 568 2772 erat
591 2713 724 2772 interitus
745 2713 885 2771 civitatis:
913 2713 1026 2788 reperio
1051 2713 1111 2770 duo

163 2812 430 2870 senatusconsulta
448 2811 543 2870 isdem
559 2810 729 2869 consulibus
749 2809 786 2868 de
805 2809 907 2870 eadem
927 2811 1093 2885 syngrapha
1102 2831 1111 2881 ς

150 2909 314 2969 'Salaminii
336 2928 403 2967 cum
424 2908 537 2967 Romae
558 2925 705 2967 versuram
726 2905 820 2964 lacere
842 2907 953 2976 vellent,
973 2925 1036 2964 non
1058 2927 1111 2982 po·

165 3019 269 3074 terant,
289 3008 370 3083 quod
390 3009 437 3067 lex
458 3007 585 3067 Gabinia
604 3007 726 3065 vetebat
769 3005 848 3063 Turn
870 3005 904 3063 iis
926 3005 1006 3064 Bruti
1028 3005 1111 3062 sami-

164 3107 258 3176 liares,
281 3105 343 3186 freti
364 3106 455 3180 gratia
479 3104 568 3175 Bruti,
590 3103 659 3162 dare
679 3103 814 3163 volebant
834 3103 989 3178 quaternis,
1011 3103 1035 3160 si
1058 3104 1112 3160 sibi

165 3216 283 3264 senatus
310 3204 444 3263 consulto
473 3213 628 3262 caveretur.
679 3201 724 3259 Fit
758 3201 850 3276 gratia
882 3198 963 3258 Bruti
993 3211 1112 3258 senatus

166 3302 339 3373 consultum,
364 3320 403 3360 vr
427 3320 502 3360 uavu
527 3299 697 3359 Sannumrrs
724 3317 799 3358 uuus
827 3316 876 3364 ovi
903 3316 947 3356 urs
974 3315 1112 3356 uuomsur

166 3418 274 3464 estvm
292 3417 392 3461 assas:
413 3399 568 3475 pecuniam
589 3405 784 3456 numerarunt.
825 3390 891 3476 [Et]
912 3404 1015 3472 postea
1035 3396 1113 3454 venit
