2356 3810
115 199 159 283 56
335 289 337 292 y
397 215 434 267 n.
455 214 572 269 runnu
591 217 776 278 crosnoms
936 207 1053 294 [rursu.

109 369 278 446 ¹perturbati.
319 369 469 433 Praeterea
488 383 553 430 sunt
564 374 710 448 ,quaedam
727 373 898 445 domestica,
912 392 989 450 ,quae
1008 374 1054 459 lite¹

110 469 183 538 ,teris
202 486 262 531 uon
281 469 437 529 committo.
489 469 527 541 Q.
552 470 668 538 fratrem
689 472 794 547 insigni
812 472 927 546 pietate,
941 474 1054 542 virtute,

116 564 173 621 fide
187 533 346 639 piissilrwtffm
361 567 402 624 sic
417 585 491 639 amo,
504 577 535 626 ut
548 569 653 631 debeo.
694 567 741 629 Tc
755 577 892 642 exspecto
906 577 936 626 et
948 586 1002 627 oro
1021 579 1054 628 ut

116 671 242 727 matures
261 664 357 738 uenire
378 682 472 741 eoque
493 666 592 729 animo
613 666 719 735 venias,
739 675 772 728 ut
791 683 839 730 me
859 676 910 728 tuo
931 667 1055 726 consilio

117 777 201 834 cgere
212 777 273 822 non
284 761 371 821 sinas.
412 762 536 824 Alterius
547 764 620 821 vitae
632 762 781 840 quoddam
791 763 902 827 initium
917 763 1056 832 ordimur.

117 853 180 916 Iam
193 855 318 930 quidam,
329 857 378 936 qui
392 877 447 922 nos
462 861 595 918 absentes
610 860 809 932 defenderunt,
821 860 963 934 incipiunt
974 878 1057 934 prae·

115 953 247 1017 ,sentibus
271 954 384 1017 occulte
409 956 500 1028 irasci,
524 949 632 1032 aperte*
648 957 789 1022 invidere:
819 957 1004 1019 vehementer
1027 968 1057 1016 te

117 1050 296 1127 requirimus

330 1218 376 1272 21.
418 1215 476 1273 AD
497 1213 749 1274 FAMILIARES
770 1215 793 1277 Ι.
819 1234 843 1275 1.

239 1325 305 1387 Sca.
327 1327 435 1387 Roman
456 1329 553 1388 Imaus
575 1330 726 1389 lanuinus
746 1349 830 1395 nuc,
852 1332 923 1408 ,6980

306 1452 336 1491 m.
359 1453 459 1493 menno
479 1453 575 1512 sua
598 1454 733 1500 Lautum
753 1450 866 1503 crocos,
952 1511 954 1515 ¹

114 1530 115 1534 Ἰ
164 1567 188 1609 1.
210 1548 275 1608 Eoo
301 1549 382 1609 omni
402 1549 498 1612 officio
518 1569 552 1608 ac
572 1551 668 1626 potius
689 1552 800 1627 pietate
815 1569 885 1626 erga
903 1561 933 1610 te
955 1552 1058 1611 ceteris

120 1647 188 1704 satis
203 1645 278 1703 facio
288 1647 434 1721 omnibus,
446 1647 516 1707 mihi
530 1649 592 1723 ipse
605 1667 765 1724 numquam
780 1650 848 1708 satis
863 1648 955 1720 sacio;
977 1659 1059 1708 tanta

120 1744 198 1802 eninr
218 1744 388 1818 magnitudo
408 1753 451 1802 est
470 1754 585 1803 tuorum
603 1764 672 1846 erga
679 1765 732 1828 pre
743 1747 920 1817 meritorum,
933 1757 974 1817 ut,
990 1749 1059 1824 quia

120 1850 151 1896 tu
173 1840 228 1908 nisi
248 1839 374 1917 perfecta
393 1859 424 1899 rc
443 1841 479 1899 de
498 1861 546 1900 me
567 1861 627 1908 non
645 1821 813 1919 cbbquiesti,
828 1861 893 1920 ego,
908 1846 977 1920 quia
995 1863 1058 1904 non

120 1938 198 1997 idem
212 1939 241 1994 in
255 1947 304 1996 tua
318 1956 405 2002 causa
418 1938 520 2008 efficio,
534 1940 625 1998 vitam
638 1940 708 2001 mibi
722 1958 786 1998 esse
801 1943 934 1998 acerbam
948 1951 1058 2016 putem.

121 2033 156 2092 In
171 2053 258 2093 eausa
281 2035 353 2095 haec
378 2045 462 2098 sunt:
488 2035 694 2108 Hammonius
717 2038 794 2113 regis
819 2038 937 2113 legatus,
960 2050 1059 2114 aperte

120 2133 311 2207 pecuniarios
325 2144 494 2209 oppugnat;
516 2153 562 2200 res
582 2136 675 2210 agitur
689 2154 741 2211 per
755 2136 874 2194 eosdem
893 2137 1058 2208 creditores,

121 2249 173 2306 per
191 2249 273 2309 quos,
295 2250 362 2288 cum
379 2241 410 2290 tu
429 2232 538 2302 aderas
558 2234 703 2307 agebatur.
746 2233 836 2309 Regis
857 2251 944 2290 causa
964 2234 989 2290 si
1010 2235 1059 2308 qui

115 2338 189 2406 sunt
203 2330 252 2404 qui
266 2330 361 2400 velint,
376 2329 425 2405 qui
439 2330 524 2405 pauci
539 2339 613 2399 sunt,
628 2347 731 2391 omnes
750 2349 812 2388 rem
831 2331 868 2388 ad
886 2330 1059 2406 Pompeium

122 2426 224 2488 deferri
235 2427 349 2499 volunt;
366 2437 481 2486 senatus
490 2427 636 2502 religionis
648 2428 822 2486 calumniam
836 2445 897 2485 non
912 2429 1059 2504 religione,

122 2525 174 2582 sed
196 2522 393 2588 malevolentia
406 2532 443 2589 ‚et
464 2523 537 2582 illius
558 2524 653 2598 regiae
674 2523 833 2600 largitionis
854 2525 961 2594 invidia
978 2544 1060 2589 corn·

122 2624 234 2698 probat.
278 2640 305 2678 2.
328 2620 500 2695 Pompeium
521 2631 550 2678 et
568 2621 674 2682 hortari
688 2632 716 2682 et
730 2640 821 2692 orare,
839 2621 925 2679 etiam
944 2622 1061 2681 liberius

123 2737 256 2778 accusare
284 2729 313 2776 et
340 2735 467 2788 monere,
495 2729 527 2776 ut
554 2736 691 2793 magnam
712 2718 859 2776 infamiam
880 2719 978 2794 fugiat,
999 2739 1060 2779 non

121 2818 306 2889 desistimus;
328 2817 379 2874 sed
398 2816 483 2892 plano
503 2833 557 2874 nec
576 2816 709 2891 precibus
728 2817 833 2874 nostris
854 2835 908 2875 nec
929 2818 1061 2879 admont.

122 2916 248 2974 tionibus
263 2915 395 2991 relinquit
405 2915 518 2977 locum:
533 2933 602 2973 nam
614 2932 680 2973 cum
691 2915 721 2972 in
732 2932 867 2973 sermone
882 2916 1061 2990 quotidian0,

123 3024 185 3072 tum
209 3014 239 3072 in
264 3024 365 3072 senatu
389 3013 483 3089 palam
509 3014 550 3077 sic
572 3014 631 3089 egit
653 3031 772 3071 causam
796 3023 884 3082 tuam,
909 3024 941 3071 ut
966 3033 1062 3090 neque

124 3112 289 3188 eloquentia
316 3112 424 3170 maiore
457 3112 610 3187 quisquam
637 3130 692 3169 nec
720 3111 858 3186 gravitate
885 3130 940 3169 nec
967 3113 1062 3171 studio

123 3229 178 3274 nec
197 3203 382 3272 contentione
402 3227 487 3284 agere
506 3210 639 3284 potuerit,
654 3226 721 3267 cum
736 3227 849 3266 summa
863 3209 1062 3269 testificatione

123 3319 236 3367 tuorum
256 3309 286 3364 in
304 3325 335 3365 se
353 3307 514 3366 officiorum
533 3318 562 3365 et
583 3307 689 3367 amoris
709 3324 777 3380 erga
796 3317 823 3363 te
843 3307 893 3364 sui.
938 3305 1062 3365 Marcel·

122 3402 212 3465 linum
233 3402 283 3460 tibi
304 3418 368 3462 esse
387 3401 489 3462 iratum
511 3401 581 3467 scis:
603 3400 627 3459 is
654 3399 708 3460 hac
730 3400 809 3474 regia
831 3417 918 3458 causa
940 3413 1062 3476 excepta
