<?xml version="1.0" encoding="UTF-8"?>
<!DOCTYPE html PUBLIC "-//W3C//DTD XHTML 1.0 Transitional//EN"
    "http://www.w3.org/TR/xhtml1/DTD/xhtml1-transitional.dtd">
<html xmlns="http://www.w3.org/1999/xhtml" xml:lang="en" lang="en">
 <head>
  <title>
</title>
<meta http-equiv="Content-Type" content="text/html;charset=utf-8" />
  <meta name='ocr-system' content='tesseract 3.04.00' />
  <meta name='ocr-capabilities' content='ocr_page ocr_carea ocr_par ocr_line ocrx_word'/>
</head>
<body>
  <div class='ocr_page' id='page_1' title='image "./epistolaeselect01cicegoog/epistolaeselect01cicegoog_0251.png"; bbox 0 0 2348 3788; ppageno 0'>
   <div class='ocr_carea' id='block_1_1' title="bbox 64 185 1006 271">
    <p class='ocr_par' dir='ltr' id='par_1_1' title="bbox 64 185 1006 271">
     <span class='ocr_line' id='line_1_1' title="bbox 64 185 1006 271; baseline 0.005 -23"><span class='ocrx_word' id='word_1_1' title='bbox 64 203 107 263; x_wconf 79' lang='lat' dir='ltr'>ap.</span> <span class='ocrx_word' id='word_1_2' title='bbox 122 185 260 267; x_wconf 80' lang='lat' dir='ltr'>tt4‚115.]</span> <span class='ocrx_word' id='word_1_3' title='bbox 296 198 410 247; x_wconf 77' lang='lat' dir='ltr'>rrrsr.</span> <span class='ocrx_word' id='word_1_4' title='bbox 425 199 474 246; x_wconf 78' lang='lat' dir='ltr'>ab</span> <span class='ocrx_word' id='word_1_5' title='bbox 488 198 710 248; x_wconf 72' lang='lat' dir='ltr'>ramulanae</span> <span class='ocrx_word' id='word_1_6' title='bbox 724 201 787 248; x_wconf 82' lang='lat' dir='ltr'>rrr.</span> <span class='ocrx_word' id='word_1_7' title='bbox 808 205 835 250; x_wconf 93' lang='lat'>1.</span> <span class='ocrx_word' id='word_1_8' title='bbox 945 204 1006 271; x_wconf 81' lang='lat'>235</span> 
     </span>
    </p>
   </div>
   <div class='ocr_carea' id='block_1_2' title="bbox 60 351 1040 2488">
    <p class='ocr_par' dir='ltr' id='par_1_2' title="bbox 60 351 1040 2488">
     <span class='ocr_line' id='line_1_2' title="bbox 63 351 1007 427; baseline -0.001 -18"><span class='ocrx_word' id='word_1_9' title='bbox 63 351 144 427; x_wconf 88' lang='lat' dir='ltr'>quod</span> <span class='ocrx_word' id='word_1_10' title='bbox 156 361 253 409; x_wconf 87' lang='lat' dir='ltr'>tamen</span> <span class='ocrx_word' id='word_1_11' title='bbox 268 370 374 409; x_wconf 89' lang='lat' dir='ltr'>munus</span> <span class='ocrx_word' id='word_1_12' title='bbox 389 362 418 410; x_wconf 92' lang='lat' dir='ltr'>et</span> <span class='ocrx_word' id='word_1_13' title='bbox 428 352 555 412; x_wconf 89' lang='lat' dir='ltr'>hominis</span> <span class='ocrx_word' id='word_1_14' title='bbox 570 352 735 410; x_wconf 83' lang='lat' dir='ltr'>amicissimi</span> <span class='ocrx_word' id='word_1_15' title='bbox 749 351 906 409; x_wconf 86' lang='lat' dir='ltr'>memoriae</span> <span class='ocrx_word' id='word_1_16' title='bbox 921 361 1007 427; x_wconf 89' lang='lat' dir='ltr'>atque</span> 
     </span>
     <span class='ocr_line' id='line_1_3' title="bbox 63 449 1006 526; baseline 0 -20"><span class='ocrx_word' id='word_1_17' title='bbox 63 449 225 507; x_wconf 90' lang='lat' dir='ltr'>honoribus</span> <span class='ocrx_word' id='word_1_18' title='bbox 246 460 392 526; x_wconf 88' lang='lat' dir='ltr'>praestare</span> <span class='ocrx_word' id='word_1_19' title='bbox 413 451 501 508; x_wconf 91' lang='lat' dir='ltr'>etiam</span> <span class='ocrx_word' id='word_1_20' title='bbox 521 452 627 508; x_wconf 90' lang='lat' dir='ltr'>mortui</span> <span class='ocrx_word' id='word_1_21' title='bbox 642 450 738 521; x_wconf 88' lang='lat' dir='ltr'>debui,</span> <span class='ocrx_word' id='word_1_22' title='bbox 753 459 781 508; x_wconf 93' lang='lat' dir='ltr'>et</span> <span class='ocrx_word' id='word_1_23' title='bbox 796 449 923 524; x_wconf 88' lang='lat' dir='ltr'>optimae</span> <span class='ocrx_word' id='word_1_24' title='bbox 945 451 1006 525; x_wconf 93' lang='lat' dir='ltr'>spei</span> 
     </span>
     <span class='ocr_line' id='line_1_4' title="bbox 63 546 1007 623; baseline 0 -19"><span class='ocrx_word' id='word_1_25' title='bbox 63 547 241 605; x_wconf 85' lang='lat' dir='ltr'>adulescenti</span> <span class='ocrx_word' id='word_1_26' title='bbox 266 565 300 604; x_wconf 88' lang='lat' dir='ltr'>ac</span> <span class='ocrx_word' id='word_1_27' title='bbox 328 548 499 622; x_wconf 87' lang='lat' dir='ltr'>dignissimo</span> <span class='ocrx_word' id='word_1_28' title='bbox 526 546 650 605; x_wconf 85' lang='lat' dir='ltr'>Caesare</span> <span class='ocrx_word' id='word_1_29' title='bbox 675 547 783 623; x_wconf 89' lang='lat' dir='ltr'>petenti</span> <span class='ocrx_word' id='word_1_30' title='bbox 811 565 919 622; x_wconf 85' lang='lat' dir='ltr'>negare</span> <span class='ocrx_word' id='word_1_31' title='bbox 947 566 1007 605; x_wconf 92' lang='lat' dir='ltr'>non</span> 
     </span>
     <span class='ocr_line' id='line_1_5' title="bbox 64 643 1007 720; baseline -0.002 -18"><span class='ocrx_word' id='word_1_32' title='bbox 64 645 154 720; x_wconf 89' lang='lat' dir='ltr'>potui.</span> <span class='ocrx_word' id='word_1_33' title='bbox 198 659 224 717; x_wconf 85' lang='lat'>7.</span> <span class='ocrx_word' id='word_1_34' title='bbox 240 643 315 702; x_wconf 88' lang='lat' dir='ltr'>Veni</span> <span class='ocrx_word' id='word_1_35' title='bbox 327 645 413 702; x_wconf 90' lang='lat' dir='ltr'>etiam</span> <span class='ocrx_word' id='word_1_36' title='bbox 428 645 556 703; x_wconf 93' lang='lat' dir='ltr'>consulis</span> <span class='ocrx_word' id='word_1_37' title='bbox 567 645 687 702; x_wconf 89' lang='lat' dir='ltr'>Antonii</span> <span class='ocrx_word' id='word_1_38' title='bbox 698 643 819 702; x_wconf 92' lang='lat' dir='ltr'>domum</span> <span class='ocrx_word' id='word_1_39' title='bbox 833 661 919 719; x_wconf 85' lang='lat' dir='ltr'>saepe</span> <span class='ocrx_word' id='word_1_40' title='bbox 934 643 1007 702; x_wconf 87' lang='lat' dir='ltr'>salu-</span> 
     </span>
     <span class='ocr_line' id='line_1_6' title="bbox 63 735 1040 819; baseline 0 -20"><span class='ocrx_word' id='word_1_41' title='bbox 63 743 143 800; x_wconf 88' lang='lat' dir='ltr'>tandi</span> <span class='ocrx_word' id='word_1_42' title='bbox 163 761 269 813; x_wconf 89' lang='lat' dir='ltr'>causa;</span> <span class='ocrx_word' id='word_1_43' title='bbox 292 743 329 799; x_wconf 87' lang='lat' dir='ltr'>ad</span> <span class='ocrx_word' id='word_1_44' title='bbox 353 761 441 817; x_wconf 91' lang='lat' dir='ltr'>quem</span> <span class='ocrx_word' id='word_1_45' title='bbox 466 744 515 818; x_wconf 86' lang='lat' dir='ltr'>qui</span> <span class='ocrx_word' id='word_1_46' title='bbox 536 761 583 800; x_wconf 90' lang='lat' dir='ltr'>me</span> <span class='ocrx_word' id='word_1_47' title='bbox 604 761 708 819; x_wconf 90' lang='lat' dir='ltr'>parum</span> <span class='ocrx_word' id='word_1_48' title='bbox 729 741 838 818; x_wconf 88' lang='lat' dir='ltr'>patriae</span> <span class='ocrx_word' id='word_1_49' title='bbox 861 751 1007 799; x_wconf 90' lang='lat' dir='ltr'>amantem</span> <span class='ocrx_word' id='word_1_50' title='bbox 1036 735 1040 744; x_wconf 80' lang='lat'>&#39;</span> 
     </span>
     <span class='ocr_line' id='line_1_7' title="bbox 64 839 1007 916; baseline -0.002 -18"><span class='ocrx_word' id='word_1_51' title='bbox 64 859 127 899; x_wconf 90' lang='lat' dir='ltr'>esse</span> <span class='ocrx_word' id='word_1_52' title='bbox 156 841 320 898; x_wconf 87' lang='lat' dir='ltr'>existimant</span> <span class='ocrx_word' id='word_1_53' title='bbox 348 841 471 916; x_wconf 84' lang='lat' dir='ltr'>rogandi</span> <span class='ocrx_word' id='word_1_54' title='bbox 499 841 618 916; x_wconf 93' lang='lat' dir='ltr'>quidem</span> <span class='ocrx_word' id='word_1_55' title='bbox 649 840 755 916; x_wconf 87' lang='lat' dir='ltr'>aliquid</span> <span class='ocrx_word' id='word_1_56' title='bbox 784 849 833 898; x_wconf 87' lang='lat' dir='ltr'>aut</span> <span class='ocrx_word' id='word_1_57' title='bbox 860 839 1007 899; x_wconf 86' lang='lat' dir='ltr'>auferendi</span> 
     </span>
     <span class='ocr_line' id='line_1_8' title="bbox 63 937 1007 1014; baseline -0.002 -18"><span class='ocrx_word' id='word_1_58' title='bbox 63 957 151 996; x_wconf 92' lang='lat' dir='ltr'>causa</span> <span class='ocrx_word' id='word_1_59' title='bbox 172 938 336 1013; x_wconf 85' lang='lat' dir='ltr'>frequentes</span> <span class='ocrx_word' id='word_1_60' title='bbox 358 939 495 996; x_wconf 88' lang='lat' dir='ltr'>ventitare</span> <span class='ocrx_word' id='word_1_61' title='bbox 516 940 649 1014; x_wconf 89' lang='lat' dir='ltr'>reperies.</span> <span class='ocrx_word' id='word_1_62' title='bbox 692 937 751 996; x_wconf 90' lang='lat' dir='ltr'>Sed</span> <span class='ocrx_word' id='word_1_63' title='bbox 772 956 846 1013; x_wconf 87' lang='lat' dir='ltr'>quae</span> <span class='ocrx_word' id='word_1_64' title='bbox 868 938 940 996; x_wconf 88' lang='lat' dir='ltr'>haec</span> <span class='ocrx_word' id='word_1_65' title='bbox 964 949 1007 995; x_wconf 89' lang='lat' dir='ltr'>est</span> 
     </span>
     <span class='ocr_line' id='line_1_9' title="bbox 63 1034 1007 1113; baseline -0.001 -19"><span class='ocrx_word' id='word_1_66' title='bbox 63 1036 242 1111; x_wconf 84' lang='lat' dir='ltr'>adrogantia,</span> <span class='ocrx_word' id='word_1_67' title='bbox 254 1034 334 1110; x_wconf 93' lang='lat' dir='ltr'>quod</span> <span class='ocrx_word' id='word_1_68' title='bbox 349 1034 457 1093; x_wconf 88' lang='lat' dir='ltr'>Caesar</span> <span class='ocrx_word' id='word_1_69' title='bbox 472 1055 632 1113; x_wconf 88' lang='lat' dir='ltr'>numquam</span> <span class='ocrx_word' id='word_1_70' title='bbox 647 1037 843 1112; x_wconf 88' lang='lat' dir='ltr'>interpellavit,</span> <span class='ocrx_word' id='word_1_71' title='bbox 855 1038 933 1112; x_wconf 94' lang='lat' dir='ltr'>quin,</span> <span class='ocrx_word' id='word_1_72' title='bbox 945 1037 1007 1112; x_wconf 91' lang='lat' dir='ltr'>qui-</span> 
     </span>
     <span class='ocr_line' id='line_1_10' title="bbox 62 1132 1007 1209; baseline -0.005 -17"><span class='ocrx_word' id='word_1_73' title='bbox 62 1137 118 1192; x_wconf 91' lang='lat' dir='ltr'>bus</span> <span class='ocrx_word' id='word_1_74' title='bbox 132 1133 235 1200; x_wconf 86' lang='lat' dir='ltr'>vellem</span> <span class='ocrx_word' id='word_1_75' title='bbox 249 1144 335 1207; x_wconf 89' lang='lat' dir='ltr'>atque</span> <span class='ocrx_word' id='word_1_76' title='bbox 350 1133 436 1190; x_wconf 89' lang='lat' dir='ltr'>etiam</span> <span class='ocrx_word' id='word_1_77' title='bbox 449 1151 524 1208; x_wconf 91' lang='lat' dir='ltr'>quos</span> <span class='ocrx_word' id='word_1_78' title='bbox 538 1135 601 1209; x_wconf 90' lang='lat' dir='ltr'>ipse</span> <span class='ocrx_word' id='word_1_79' title='bbox 618 1152 682 1192; x_wconf 89' lang='lat' dir='ltr'>non</span> <span class='ocrx_word' id='word_1_80' title='bbox 701 1133 846 1208; x_wconf 83' lang='lat' dir='ltr'>diligebat,</span> <span class='ocrx_word' id='word_1_81' title='bbox 861 1143 959 1190; x_wconf 88' lang='lat' dir='ltr'>tamen</span> <span class='ocrx_word' id='word_1_82' title='bbox 974 1132 1007 1188; x_wconf 90' lang='lat' dir='ltr'>iis</span> 
     </span>
     <span class='ocr_line' id='line_1_11' title="bbox 61 1229 1007 1306; baseline -0.006 -14"><span class='ocrx_word' id='word_1_83' title='bbox 61 1245 164 1302; x_wconf 90' lang='lat' dir='ltr'>uterer,</span> <span class='ocrx_word' id='word_1_84' title='bbox 187 1248 246 1301; x_wconf 91' lang='lat' dir='ltr'>eos,</span> <span class='ocrx_word' id='word_1_85' title='bbox 270 1231 319 1305; x_wconf 88' lang='lat' dir='ltr'>qui</span> <span class='ocrx_word' id='word_1_86' title='bbox 343 1229 413 1286; x_wconf 92' lang='lat' dir='ltr'>mihi</span> <span class='ocrx_word' id='word_1_87' title='bbox 435 1231 561 1288; x_wconf 88' lang='lat' dir='ltr'>amicum</span> <span class='ocrx_word' id='word_1_88' title='bbox 586 1231 758 1306; x_wconf 88' lang='lat' dir='ltr'>eripuerunt,</span> <span class='ocrx_word' id='word_1_89' title='bbox 783 1230 930 1306; x_wconf 90' lang='lat' dir='ltr'>carpendo</span> <span class='ocrx_word' id='word_1_90' title='bbox 960 1247 1007 1286; x_wconf 91' lang='lat' dir='ltr'>me</span> 
     </span>
     <span class='ocr_line' id='line_1_12' title="bbox 62 1327 1007 1405; baseline -0.004 -18"><span class='ocrx_word' id='word_1_91' title='bbox 62 1331 175 1388; x_wconf 89' lang='lat' dir='ltr'>efficere</span> <span class='ocrx_word' id='word_1_92' title='bbox 203 1329 309 1398; x_wconf 87' lang='lat' dir='ltr'>conari,</span> <span class='ocrx_word' id='word_1_93' title='bbox 338 1347 384 1397; x_wconf 92' lang='lat' dir='ltr'>ne,</span> <span class='ocrx_word' id='word_1_94' title='bbox 413 1346 488 1403; x_wconf 92' lang='lat' dir='ltr'>quos</span> <span class='ocrx_word' id='word_1_95' title='bbox 513 1328 605 1398; x_wconf 90' lang='lat' dir='ltr'>velim,</span> <span class='ocrx_word' id='word_1_96' title='bbox 635 1329 772 1405; x_wconf 85' lang='lat' dir='ltr'>diligam?</span> <span class='ocrx_word' id='word_1_97' title='bbox 815 1331 840 1386; x_wconf 93' lang='lat'>8.</span> <span class='ocrx_word' id='word_1_98' title='bbox 864 1327 922 1386; x_wconf 90' lang='lat' dir='ltr'>Sed</span> <span class='ocrx_word' id='word_1_99' title='bbox 946 1345 1007 1384; x_wconf 91' lang='lat' dir='ltr'>non</span> 
     </span>
     <span class='ocr_line' id='line_1_13' title="bbox 62 1425 1007 1503; baseline -0.005 -16"><span class='ocrx_word' id='word_1_100' title='bbox 62 1447 163 1487; x_wconf 90' lang='lat' dir='ltr'>vereor</span> <span class='ocrx_word' id='word_1_101' title='bbox 190 1446 228 1485; x_wconf 89' lang='lat' dir='ltr'>ne</span> <span class='ocrx_word' id='word_1_102' title='bbox 255 1439 304 1485; x_wconf 89' lang='lat' dir='ltr'>aut</span> <span class='ocrx_word' id='word_1_103' title='bbox 331 1445 414 1485; x_wconf 89' lang='lat' dir='ltr'>meae</span> <span class='ocrx_word' id='word_1_104' title='bbox 436 1428 509 1485; x_wconf 91' lang='lat' dir='ltr'>vitae</span> <span class='ocrx_word' id='word_1_105' title='bbox 534 1427 677 1485; x_wconf 89' lang='lat' dir='ltr'>modestia</span> <span class='ocrx_word' id='word_1_106' title='bbox 704 1446 807 1503; x_wconf 84' lang='lat' dir='ltr'>parurn</span> <span class='ocrx_word' id='word_1_107' title='bbox 829 1426 947 1484; x_wconf 90' lang='lat' dir='ltr'>valitura</span> <span class='ocrx_word' id='word_1_108' title='bbox 971 1425 1007 1483; x_wconf 92' lang='lat' dir='ltr'>sit</span> 
     </span>
     <span class='ocr_line' id='line_1_14' title="bbox 62 1523 1006 1602; baseline -0.006 -17"><span class='ocrx_word' id='word_1_109' title='bbox 62 1529 93 1585; x_wconf 92' lang='lat' dir='ltr'>in</span> <span class='ocrx_word' id='word_1_110' title='bbox 116 1536 264 1602; x_wconf 89' lang='lat' dir='ltr'>postemm</span> <span class='ocrx_word' id='word_1_111' title='bbox 283 1535 385 1583; x_wconf 87' lang='lat' dir='ltr'>contra</span> <span class='ocrx_word' id='word_1_112' title='bbox 406 1526 493 1584; x_wconf 89' lang='lat' dir='ltr'>falsos</span> <span class='ocrx_word' id='word_1_113' title='bbox 512 1543 651 1596; x_wconf 88' lang='lat' dir='ltr'>rumores,</span> <span class='ocrx_word' id='word_1_114' title='bbox 673 1536 722 1583; x_wconf 89' lang='lat' dir='ltr'>aut</span> <span class='ocrx_word' id='word_1_115' title='bbox 742 1545 779 1584; x_wconf 95' lang='lat' dir='ltr'>ne</span> <span class='ocrx_word' id='word_1_116' title='bbox 800 1525 886 1583; x_wconf 85' lang='lat' dir='ltr'>etiam</span> <span class='ocrx_word' id='word_1_117' title='bbox 907 1523 935 1602; x_wconf 85' lang='lat' dir='ltr'>ii,</span> <span class='ocrx_word' id='word_1_118' title='bbox 957 1523 1006 1599; x_wconf 91' lang='lat' dir='ltr'>qui</span> 
     </span>
     <span class='ocr_line' id='line_1_15' title="bbox 62 1622 1005 1701; baseline -0.005 -18"><span class='ocrx_word' id='word_1_119' title='bbox 62 1643 111 1683; x_wconf 87' lang='lat' dir='ltr'>me</span> <span class='ocrx_word' id='word_1_120' title='bbox 133 1642 193 1682; x_wconf 90' lang='lat' dir='ltr'>non</span> <span class='ocrx_word' id='word_1_121' title='bbox 214 1635 313 1682; x_wconf 87' lang='lat' dir='ltr'>amant</span> <span class='ocrx_word' id='word_1_122' title='bbox 326 1636 445 1701; x_wconf 90' lang='lat' dir='ltr'>propter</span> <span class='ocrx_word' id='word_1_123' title='bbox 465 1643 562 1682; x_wconf 88' lang='lat' dir='ltr'>meam</span> <span class='ocrx_word' id='word_1_124' title='bbox 582 1625 612 1681; x_wconf 94' lang='lat' dir='ltr'>in</span> <span class='ocrx_word' id='word_1_125' title='bbox 627 1622 784 1682; x_wconf 87' lang='lat' dir='ltr'>Caesarem</span> <span class='ocrx_word' id='word_1_126' title='bbox 805 1623 1005 1691; x_wconf 90' lang='lat' dir='ltr'>constantiam,</span> 
     </span>
     <span class='ocr_line' id='line_1_16' title="bbox 62 1721 1006 1798; baseline -0.003 -17"><span class='ocrx_word' id='word_1_127' title='bbox 62 1742 125 1782; x_wconf 92' lang='lat' dir='ltr'>non</span> <span class='ocrx_word' id='word_1_128' title='bbox 146 1723 246 1780; x_wconf 88' lang='lat' dir='ltr'>malint</span> <span class='ocrx_word' id='word_1_129' title='bbox 266 1724 324 1780; x_wconf 91' lang='lat' dir='ltr'>mei</span> <span class='ocrx_word' id='word_1_130' title='bbox 343 1742 432 1798; x_wconf 91' lang='lat' dir='ltr'>quam</span> <span class='ocrx_word' id='word_1_131' title='bbox 454 1724 498 1781; x_wconf 91' lang='lat' dir='ltr'>sui</span> <span class='ocrx_word' id='word_1_132' title='bbox 519 1722 625 1780; x_wconf 92' lang='lat' dir='ltr'>similes</span> <span class='ocrx_word' id='word_1_133' title='bbox 647 1722 757 1779; x_wconf 90' lang='lat' dir='ltr'>amicos</span> <span class='ocrx_word' id='word_1_134' title='bbox 775 1721 890 1779; x_wconf 91' lang='lat' dir='ltr'>habere.</span> <span class='ocrx_word' id='word_1_135' title='bbox 932 1721 1006 1779; x_wconf 94' lang='lat' dir='ltr'>Mihi</span> 
     </span>
     <span class='ocr_line' id='line_1_17' title="bbox 62 1807 1005 1902; baseline -0.001 -23"><span class='ocrx_word' id='word_1_136' title='bbox 62 1821 182 1899; x_wconf 89' lang='lat' dir='ltr'>quidem</span> <span class='ocrx_word' id='word_1_137' title='bbox 203 1823 227 1878; x_wconf 93' lang='lat' dir='ltr'>si</span> <span class='ocrx_word' id='word_1_138' title='bbox 248 1807 347 1897; x_wconf 84' lang='lat' dir='ltr'>optata</span> <span class='ocrx_word' id='word_1_139' title='bbox 368 1822 546 1902; x_wconf 86' lang='lat' dir='ltr'>contingent,</span> <span class='ocrx_word' id='word_1_140' title='bbox 562 1819 642 1896; x_wconf 93' lang='lat' dir='ltr'>quod</span> <span class='ocrx_word' id='word_1_141' title='bbox 661 1820 802 1895; x_wconf 90' lang='lat' dir='ltr'>reliquum</span> <span class='ocrx_word' id='word_1_142' title='bbox 823 1830 866 1878; x_wconf 92' lang='lat' dir='ltr'>est</span> <span class='ocrx_word' id='word_1_143' title='bbox 879 1820 961 1890; x_wconf 91' lang='lat' dir='ltr'>vitae,</span> <span class='ocrx_word' id='word_1_144' title='bbox 976 1822 1005 1878; x_wconf 91' lang='lat' dir='ltr'>in</span> 
     </span>
     <span class='ocr_line' id='line_1_18' title="bbox 62 1903 1005 1994; baseline 0 -16"><span class='ocrx_word' id='word_1_145' title='bbox 62 1921 124 1978; x_wconf 90' lang='lat' dir='ltr'>otio</span> <span class='ocrx_word' id='word_1_146' title='bbox 139 1903 237 1978; x_wconf 87' lang='lat' dir='ltr'>Rhodi</span> <span class='ocrx_word' id='word_1_147' title='bbox 255 1919 377 1993; x_wconf 86' lang='lat' dir='ltr'>degam;</span> <span class='ocrx_word' id='word_1_148' title='bbox 402 1921 447 1977; x_wconf 91' lang='lat' dir='ltr'>sin</span> <span class='ocrx_word' id='word_1_149' title='bbox 466 1937 551 1977; x_wconf 90' lang='lat' dir='ltr'>casus</span> <span class='ocrx_word' id='word_1_150' title='bbox 570 1917 673 1994; x_wconf 88' lang='lat' dir='ltr'>aliquis</span> <span class='ocrx_word' id='word_1_151' title='bbox 690 1917 883 1992; x_wconf 88' lang='lat' dir='ltr'>interpellarit,</span> <span class='ocrx_word' id='word_1_152' title='bbox 899 1918 937 1976; x_wconf 88' lang='lat' dir='ltr'>ita</span> <span class='ocrx_word' id='word_1_153' title='bbox 955 1938 1005 1978; x_wconf 92' lang='lat' dir='ltr'>ero</span> 
     </span>
     <span class='ocr_line' id='line_1_19' title="bbox 62 2014 1005 2091; baseline 0.001 -16"><span class='ocrx_word' id='word_1_154' title='bbox 62 2018 186 2086; x_wconf 89' lang='lat' dir='ltr'>Romae,</span> <span class='ocrx_word' id='word_1_155' title='bbox 207 2026 240 2074; x_wconf 92' lang='lat' dir='ltr'>ut</span> <span class='ocrx_word' id='word_1_156' title='bbox 260 2027 337 2075; x_wconf 90' lang='lat' dir='ltr'>recte</span> <span class='ocrx_word' id='word_1_157' title='bbox 358 2018 419 2075; x_wconf 89' lang='lat' dir='ltr'>fieri</span> <span class='ocrx_word' id='word_1_158' title='bbox 439 2035 555 2091; x_wconf 91' lang='lat' dir='ltr'>semper</span> <span class='ocrx_word' id='word_1_159' title='bbox 576 2015 701 2090; x_wconf 90' lang='lat' dir='ltr'>cupiam.</span> <span class='ocrx_word' id='word_1_160' title='bbox 743 2014 883 2075; x_wconf 90' lang='lat' dir='ltr'>Trebatio</span> <span class='ocrx_word' id='word_1_161' title='bbox 904 2027 1005 2076; x_wconf 87' lang='lat' dir='ltr'>nostro</span> 
     </span>
     <span class='ocr_line' id='line_1_20' title="bbox 61 2113 1006 2191; baseline 0 -18"><span class='ocrx_word' id='word_1_162' title='bbox 61 2133 185 2191; x_wconf 84' lang='lat' dir='ltr'>magnas</span> <span class='ocrx_word' id='word_1_163' title='bbox 199 2133 256 2190; x_wconf 83' lang='lat' dir='ltr'>ago</span> <span class='ocrx_word' id='word_1_164' title='bbox 270 2116 383 2189; x_wconf 74' lang='lat' dir='ltr'>gratias</span> <span class='ocrx_word' id='word_1_165' title='bbox 399 2116 480 2190; x_wconf 92' lang='lat' dir='ltr'>quod</span> <span class='ocrx_word' id='word_1_166' title='bbox 494 2124 575 2172; x_wconf 93' lang='lat' dir='ltr'>tuum</span> <span class='ocrx_word' id='word_1_167' title='bbox 592 2131 663 2188; x_wconf 85' lang='lat' dir='ltr'>erga</span> <span class='ocrx_word' id='word_1_168' title='bbox 682 2130 730 2170; x_wconf 90' lang='lat' dir='ltr'>me</span> <span class='ocrx_word' id='word_1_169' title='bbox 750 2113 878 2170; x_wconf 90' lang='lat' dir='ltr'>animum</span> <span class='ocrx_word' id='word_1_170' title='bbox 899 2114 1006 2191; x_wconf 92' lang='lat' dir='ltr'>simpli-</span> 
     </span>
     <span class='ocr_line' id='line_1_21' title="bbox 61 2211 1006 2289; baseline 0 -18"><span class='ocrx_word' id='word_1_171' title='bbox 61 2224 234 2289; x_wconf 86' lang='lat' dir='ltr'>cernatque</span> <span class='ocrx_word' id='word_1_172' title='bbox 255 2214 381 2271; x_wconf 87' lang='lat' dir='ltr'>amicum</span> <span class='ocrx_word' id='word_1_173' title='bbox 402 2214 514 2289; x_wconf 87' lang='lat' dir='ltr'>aperuit</span> <span class='ocrx_word' id='word_1_174' title='bbox 535 2222 563 2270; x_wconf 90' lang='lat' dir='ltr'>et</span> <span class='ocrx_word' id='word_1_175' title='bbox 584 2211 667 2287; x_wconf 93' lang='lat' dir='ltr'>quod</span> <span class='ocrx_word' id='word_1_176' title='bbox 686 2229 762 2281; x_wconf 90' lang='lat' dir='ltr'>eum,</span> <span class='ocrx_word' id='word_1_177' title='bbox 782 2229 869 2286; x_wconf 90' lang='lat' dir='ltr'>quem</span> <span class='ocrx_word' id='word_1_178' title='bbox 891 2230 1006 2288; x_wconf 88' lang='lat' dir='ltr'>semper</span> 
     </span>
     <span class='ocr_line' id='line_1_22' title="bbox 60 2309 1006 2387; baseline 0.002 -18"><span class='ocrx_word' id='word_1_179' title='bbox 60 2312 182 2370; x_wconf 90' lang='lat' dir='ltr'>libenter</span> <span class='ocrx_word' id='word_1_180' title='bbox 207 2310 300 2380; x_wconf 86' lang='lat' dir='ltr'>dilexi,</span> <span class='ocrx_word' id='word_1_181' title='bbox 325 2329 385 2386; x_wconf 93' lang='lat' dir='ltr'>quo</span> <span class='ocrx_word' id='word_1_182' title='bbox 413 2312 507 2387; x_wconf 89' lang='lat' dir='ltr'>magis</span> <span class='ocrx_word' id='word_1_183' title='bbox 532 2311 592 2368; x_wconf 88' lang='lat' dir='ltr'>iure</span> <span class='ocrx_word' id='word_1_184' title='bbox 616 2310 711 2368; x_wconf 91' lang='lat' dir='ltr'>colere</span> <span class='ocrx_word' id='word_1_185' title='bbox 739 2319 826 2386; x_wconf 90' lang='lat' dir='ltr'>atque</span> <span class='ocrx_word' id='word_1_186' title='bbox 852 2309 1006 2372; x_wconf 87' lang='lat' dir='ltr'>observare</span> 
     </span>
     <span class='ocr_line' id='line_1_23' title="bbox 62 2406 711 2488; baseline 0.002 -21"><span class='ocrx_word' id='word_1_187' title='bbox 62 2409 210 2488; x_wconf 79' lang='lat' dir='ltr'>deberem,</span> <span class='ocrx_word' id='word_1_188' title='bbox 223 2408 296 2466; x_wconf 86' lang='lat' dir='ltr'>fecit.</span> <span class='ocrx_word' id='word_1_189' title='bbox 339 2407 420 2466; x_wconf 91' lang='lat' dir='ltr'>Bene</span> <span class='ocrx_word' id='word_1_190' title='bbox 435 2408 497 2466; x_wconf 85' lang='lat' dir='ltr'>vale</span> <span class='ocrx_word' id='word_1_191' title='bbox 512 2419 540 2466; x_wconf 89' lang='lat' dir='ltr'>et</span> <span class='ocrx_word' id='word_1_192' title='bbox 554 2425 601 2465; x_wconf 90' lang='lat' dir='ltr'>me</span> <span class='ocrx_word' id='word_1_193' title='bbox 616 2406 711 2484; x_wconf 84' lang='lat' dir='ltr'>dilige.</span> 
     </span>
    </p>
   </div>
   <div class='ocr_carea' id='block_1_3' title="bbox 245 2564 824 2626">
    <p class='ocr_par' dir='ltr' id='par_1_3' title="bbox 245 2564 824 2626">
     <span class='ocr_line' id='line_1_24' title="bbox 245 2564 824 2626; baseline 0.005 -4"><span class='ocrx_word' id='word_1_194' title='bbox 245 2569 312 2624; x_wconf 88' lang='lat'>115.</span> <span class='ocrx_word' id='word_1_195' title='bbox 353 2565 411 2622; x_wconf 93' lang='lat' dir='ltr'>AD</span> <span class='ocrx_word' id='word_1_196' title='bbox 432 2565 685 2624; x_wconf 87' lang='lat' dir='ltr'>FAMILIARES</span> <span class='ocrx_word' id='word_1_197' title='bbox 706 2564 774 2624; x_wconf 89' lang='lat' dir='ltr'>Xll.</span> <span class='ocrx_word' id='word_1_198' title='bbox 799 2584 824 2626; x_wconf 90' lang='lat'>1.</span> 
     </span>
    </p>
   </div>
   <div class='ocr_carea' id='block_1_4' title="bbox 211 2677 853 2847">
    <p class='ocr_par' dir='ltr' id='par_1_4' title="bbox 211 2677 853 2847">
     <span class='ocr_line' id='line_1_25' title="bbox 211 2677 853 2756; baseline 0.005 -19"><span class='ocrx_word' id='word_1_199' title='bbox 211 2677 278 2739; x_wconf 76' lang='lat' dir='ltr'>Sca.</span> <span class='ocrx_word' id='word_1_200' title='bbox 298 2698 435 2739; x_wconf 70' lang='lat' dir='ltr'>aarum</span> <span class='ocrx_word' id='word_1_201' title='bbox 456 2699 550 2739; x_wconf 74' lang='lat' dir='ltr'>nausa</span> <span class='ocrx_word' id='word_1_202' title='bbox 571 2679 656 2740; x_wconf 69' lang='lat' dir='ltr'>Maro</span> <span class='ocrx_word' id='word_1_203' title='bbox 677 2698 761 2740; x_wconf 72' lang='lat' dir='ltr'>auc.</span> <span class='ocrx_word' id='word_1_204' title='bbox 785 2696 853 2756; x_wconf 81' lang='lat'>710.</span> 
     </span>
     <span class='ocr_line' id='line_1_26' title="bbox 384 2805 686 2847; baseline 0 0"><span class='ocrx_word' id='word_1_205' title='bbox 384 2805 487 2847; x_wconf 79' lang='lat' dir='ltr'>crerao</span> <span class='ocrx_word' id='word_1_206' title='bbox 508 2805 604 2847; x_wconf 72' lang='lat' dir='ltr'>csssro</span> <span class='ocrx_word' id='word_1_207' title='bbox 624 2806 686 2847; x_wconf 78' lang='lat' dir='ltr'>sar.</span> 
     </span>
    </p>
   </div>
   <div class='ocr_carea' id='block_1_5' title="bbox 61 2900 1006 3470">
    <p class='ocr_par' dir='ltr' id='par_1_5' title="bbox 61 2900 1006 3470">
     <span class='ocr_line' id='line_1_27' title="bbox 107 2900 1006 2975; baseline 0.008 -15"><span class='ocrx_word' id='word_1_208' title='bbox 107 2901 248 2961; x_wconf 80' lang='lat' dir='ltr'>1.qu</span> <span class='ocrx_word' id='word_1_209' title='bbox 275 2901 384 2959; x_wconf 89' lang='lat' dir='ltr'>nullam</span> <span class='ocrx_word' id='word_1_210' title='bbox 412 2900 497 2971; x_wconf 83' lang='lat' dir='ltr'>facio,</span> <span class='ocrx_word' id='word_1_211' title='bbox 519 2901 590 2959; x_wconf 90' lang='lat' dir='ltr'>mihi</span> <span class='ocrx_word' id='word_1_212' title='bbox 617 2901 711 2975; x_wconf 87' lang='lat' dir='ltr'>crede,</span> <span class='ocrx_word' id='word_1_213' title='bbox 740 2900 833 2974; x_wconf 85' lang='lat' dir='ltr'>Cassi,</span> <span class='ocrx_word' id='word_1_214' title='bbox 855 2904 892 2964; x_wconf 87' lang='lat' dir='ltr'>de</span> <span class='ocrx_word' id='word_1_215' title='bbox 920 2914 949 2966; x_wconf 84' lang='lat' dir='ltr'>te</span> <span class='ocrx_word' id='word_1_216' title='bbox 976 2916 1006 2966; x_wconf 86' lang='lat' dir='ltr'>et</span> 
     </span>
     <span class='ocr_line' id='line_1_28' title="bbox 61 2999 1005 3077; baseline 0.005 -20"><span class='ocrx_word' id='word_1_217' title='bbox 61 2999 152 3058; x_wconf 89' lang='lat' dir='ltr'>Bruto</span> <span class='ocrx_word' id='word_1_218' title='bbox 173 3010 282 3069; x_wconf 88' lang='lat' dir='ltr'>nostro,</span> <span class='ocrx_word' id='word_1_219' title='bbox 301 2999 329 3058; x_wconf 94' lang='lat' dir='ltr'>id</span> <span class='ocrx_word' id='word_1_220' title='bbox 351 3011 395 3059; x_wconf 90' lang='lat' dir='ltr'>est</span> <span class='ocrx_word' id='word_1_221' title='bbox 415 3000 452 3059; x_wconf 90' lang='lat' dir='ltr'>de</span> <span class='ocrx_word' id='word_1_222' title='bbox 474 3010 535 3058; x_wconf 85' lang='lat' dir='ltr'>tota</span> <span class='ocrx_word' id='word_1_223' title='bbox 555 3018 586 3058; x_wconf 89' lang='lat' dir='ltr'>re</span> <span class='ocrx_word' id='word_1_224' title='bbox 607 3000 731 3077; x_wconf 90' lang='lat' dir='ltr'>publica,</span> <span class='ocrx_word' id='word_1_225' title='bbox 752 3002 907 3076; x_wconf 86' lang='lat' dir='ltr'>cogitandi,</span> <span class='ocrx_word' id='word_1_226' title='bbox 923 3005 1005 3062; x_wconf 88' lang='lat' dir='ltr'>cuius</span> 
     </span>
     <span class='ocr_line' id='line_1_29' title="bbox 61 3097 1005 3176; baseline 0.004 -21"><span class='ocrx_word' id='word_1_227' title='bbox 61 3099 158 3156; x_wconf 92' lang='lat' dir='ltr'>omnis</span> <span class='ocrx_word' id='word_1_228' title='bbox 180 3116 246 3173; x_wconf 88' lang='lat' dir='ltr'>spes</span> <span class='ocrx_word' id='word_1_229' title='bbox 268 3099 297 3156; x_wconf 91' lang='lat' dir='ltr'>in</span> <span class='ocrx_word' id='word_1_230' title='bbox 318 3100 400 3158; x_wconf 84' lang='lat' dir='ltr'>vobis</span> <span class='ocrx_word' id='word_1_231' title='bbox 421 3110 465 3158; x_wconf 92' lang='lat' dir='ltr'>est</span> <span class='ocrx_word' id='word_1_232' title='bbox 485 3108 515 3156; x_wconf 91' lang='lat' dir='ltr'>et</span> <span class='ocrx_word' id='word_1_233' title='bbox 535 3099 565 3156; x_wconf 90' lang='lat' dir='ltr'>in</span> <span class='ocrx_word' id='word_1_234' title='bbox 586 3097 622 3157; x_wconf 90' lang='lat' dir='ltr'>D.</span> <span class='ocrx_word' id='word_1_235' title='bbox 645 3097 734 3157; x_wconf 87' lang='lat' dir='ltr'>Bruto</span> <span class='ocrx_word' id='word_1_236' title='bbox 746 3117 755 3171; x_wconf 90' lang='lat'>;</span> <span class='ocrx_word' id='word_1_237' title='bbox 777 3118 865 3175; x_wconf 90' lang='lat' dir='ltr'>quam</span> <span class='ocrx_word' id='word_1_238' title='bbox 887 3101 1005 3176; x_wconf 87' lang='lat' dir='ltr'>quidem</span> 
     </span>
     <span class='ocr_line' id='line_1_30' title="bbox 61 3196 1006 3272; baseline 0.004 -18"><span class='ocrx_word' id='word_1_239' title='bbox 61 3197 120 3254; x_wconf 88' lang='lat' dir='ltr'>iam</span> <span class='ocrx_word' id='word_1_240' title='bbox 141 3196 234 3254; x_wconf 86' lang='lat' dir='ltr'>habeo</span> <span class='ocrx_word' id='word_1_241' title='bbox 260 3197 320 3272; x_wconf 92' lang='lat' dir='ltr'>ipse</span> <span class='ocrx_word' id='word_1_242' title='bbox 344 3198 503 3268; x_wconf 88' lang='lat' dir='ltr'>meliorem,</span> <span class='ocrx_word' id='word_1_243' title='bbox 529 3216 559 3255; x_wconf 87' lang='lat' dir='ltr'>re</span> <span class='ocrx_word' id='word_1_244' title='bbox 584 3197 702 3271; x_wconf 86' lang='lat' dir='ltr'>publica</span> <span class='ocrx_word' id='word_1_245' title='bbox 724 3215 742 3255; x_wconf 86' lang='lat' dir='ltr'>a</span> <span class='ocrx_word' id='word_1_246' title='bbox 763 3197 915 3256; x_wconf 84' lang='lat' dir='ltr'>Dolabella</span> <span class='ocrx_word' id='word_1_247' title='bbox 938 3217 1006 3258; x_wconf 89' lang='lat' dir='ltr'>meo</span> 
     </span>
     <span class='ocr_line' id='line_1_31' title="bbox 62 3294 1005 3373; baseline 0.006 -24"><span class='ocrx_word' id='word_1_248' title='bbox 62 3294 285 3368; x_wconf 88' lang='lat' dir='ltr'>praeclarissime</span> <span class='ocrx_word' id='word_1_249' title='bbox 311 3309 413 3373; x_wconf 87' lang='lat' dir='ltr'>gesta:</span> <span class='ocrx_word' id='word_1_250' title='bbox 436 3296 573 3353; x_wconf 90' lang='lat' dir='ltr'>manabat</span> <span class='ocrx_word' id='word_1_251' title='bbox 595 3296 672 3353; x_wconf 90' lang='lat' dir='ltr'>enim</span> <span class='ocrx_word' id='word_1_252' title='bbox 697 3294 766 3352; x_wconf 92' lang='lat' dir='ltr'>illud</span> <span class='ocrx_word' id='word_1_253' title='bbox 791 3295 899 3352; x_wconf 88' lang='lat' dir='ltr'>malum</span> <span class='ocrx_word' id='word_1_254' title='bbox 920 3298 1005 3355; x_wconf 88' lang='lat' dir='ltr'>urba·</span> 
     </span>
     <span class='ocr_line' id='line_1_32' title="bbox 62 3392 1005 3470; baseline 0.005 -21"><span class='ocrx_word' id='word_1_255' title='bbox 62 3410 134 3450; x_wconf 90' lang='lat' dir='ltr'>num</span> <span class='ocrx_word' id='word_1_256' title='bbox 158 3395 246 3452; x_wconf 88' lang='lat' dir='ltr'>etita</span> <span class='ocrx_word' id='word_1_257' title='bbox 269 3395 517 3456; x_wconf 86' lang='lat' dir='ltr'>conroborabatur</span> <span class='ocrx_word' id='word_1_258' title='bbox 540 3392 677 3470; x_wconf 89' lang='lat' dir='ltr'>quotidie,</span> <span class='ocrx_word' id='word_1_259' title='bbox 700 3403 731 3451; x_wconf 87' lang='lat' dir='ltr'>ut</span> <span class='ocrx_word' id='word_1_260' title='bbox 753 3410 810 3469; x_wconf 79' lang='lat' dir='ltr'>ego</span> <span class='ocrx_word' id='word_1_261' title='bbox 834 3393 951 3469; x_wconf 85' lang='lat' dir='ltr'>quidem</span> <span class='ocrx_word' id='word_1_262' title='bbox 976 3406 1005 3455; x_wconf 87' lang='lat' dir='ltr'>et</span> 
     </span>
    </p>
   </div>
   <div class='ocr_carea' id='block_1_6' title="bbox 0 0 1178 3788">
    <p class='ocr_par' dir='ltr' id='par_1_6' title="bbox 0 0 1178 3788">
     <span class='ocr_line' id='line_1_33' title="bbox 0 0 1178 3788; baseline 0 0"><span class='ocrx_word' id='word_1_263' title='bbox 0 0 1178 3788; x_wconf 95' lang='lat' dir='ltr'> </span> 
     </span>
    </p>
   </div>
  </div>
 </body>
</html>
