2356 3810
54 225 192 311 apa-5]
266 239 382 289 arrsr.
402 239 451 286 AD
471 238 693 288 summanus
713 240 746 289 v.
763 244 791 291 1.
976 234 997 309 5

53 398 178 457 missam
205 415 270 456 esse
298 398 426 469 arbitror,
449 398 528 474 quod
551 415 679 457 vererere
703 416 740 456 ne
765 399 846 458 cuiu's
871 398 999 456 animum

54 495 230 554 offenderes.
277 494 336 553 Sed
359 497 431 553 scito
455 514 498 565 ea,
520 513 595 572 quae
619 514 675 554 nos
699 514 753 572 pro
778 496 867 555 salute
891 496 998 570 patriae

53 591 209 667 gessimus,
223 591 300 650 orbis
319 601 409 649 terrae
429 592 535 650 iudicio
557 611 591 651 ac
612 593 778 651 testimonio
799 593 999 668 comprobari;

53 708 141 766 quae,
153 709 221 748 curn
235 691 355 760 veneris,
370 700 451 748 tanto
467 691 587 749 consilio
601 700 737 768 tantaque
752 692 841 750 animi
855 692 999 766 magnitu-

55 787 125 845 dine
140 805 159 846 a
172 805 220 845 me
235 798 318 863 gesta
329 806 393 847 esse
406 806 577 863 cognosces
586 801 617 847 ut
627 790 677 846 tibi
688 788 779 847 multo
790 789 901 859 maiori,
910 807 999 863 quam

54 884 213 945 Africanus
238 885 297 957 fuit,
320 905 367 944 me
392 903 453 943 non
477 887 569 944 multo
593 887 736 945 minorem
757 905 846 963 quarn
868 886 999 944 Laelium

54 981 139 1041 facile
150 993 179 1041 et
189 984 220 1040 in
230 1001 259 1041 re
271 983 388 1059 publica
398 996 426 1042 et
437 985 468 1042 iu
482 985 607 1042 amicitia
620 984 788 1042 adiunctum
802 1002 866 1043 esse
880 972 998 1062 patiare.

282 1145 310 1199 4.
351 1140 408 1198 AD
429 1138 680 1199 FAMILIARES
702 1139 738 1199 V.
763 1159 789 1201 1.

162 1234 172 1302 l
218 1254 284 1313 Sca.
305 1274 337 1313 nr
357 1254 474 1313 Garum
495 1274 649 1315 crrsnrorur
669 1274 753 1315 nuc.
777 1258 844 1331 692.

66 1377 97 1428 o.
113 1376 268 1419 nummus
281 1377 308 1427 o.
323 1379 349 1419 r.
365 1379 457 1420 carun
471 1380 584 1421 procos.
600 1380 621 1421 s.
635 1381 661 1421 n.
674 1382 704 1421 rr.
716 1381 824 1422 rurnro
838 1381 979 1423 crcnnom.

101 1491 127 1532 1.
150 1474 182 1532 Sr
202 1474 288 1546 vales,
307 1476 382 1534 bene
404 1485 456 1534 est.
497 1475 700 1536 Existimarem
722 1496 777 1553 pro
801 1488 903 1536 mutuo
925 1479 999 1536 inter

55 1591 112 1631 nos
134 1572 236 1643 animo„
260 1583 289 1631 et
309 1591 363 1649 pro
388 1575 572 1634 reconciliata
593 1576 684 1652 gratia
708 1594 763 1634 nec
785 1577 935 1634 absentem
959 1596 1000 1633 me

27 1738 33 1750 Ι
55 1670 181 1728 ludibrio
195 1671 305 1730 laesum
319 1671 352 1728 iri
366 1689 421 1729 nec
436 1671 587 1730 Metellum
600 1672 716 1731 fratrem
730 1674 769 1731 ob
785 1674 894 1731 dictum
905 1675 999 1751 capite

50 1787 91 1826 ac
105 1767 229 1826 fortunis
243 1787 296 1844 per
309 1779 336 1827 te
350 1779 553 1845 oppugnatum
567 1771 617 1843 iri;
640 1789 728 1847 quem
748 1772 772 1829 si
788 1789 891 1846 parurn
904 1773 999 1847 pudor

54 1866 147 1942 ipsius
161 1865 343 1938 defendebat,
355 1866 479 1924 debebat
489 1867 533 1924 vel
547 1867 672 1926 familiae
686 1878 801 1926 nostrae
816 1869 940 1943 dignitas
955 1871 999 1927 vel

54 1981 156 2022 meum
171 1963 297 2022 studium
311 1983 382 2040 erga
395 1983 447 2023 vos
461 1984 580 2042 remque
594 1966 741 2043 publicam
755 1966 823 2024 satis
842 1967 997 2025 sublevare.

55 2059 144 2119 Nunc
162 2059 247 2119 video
265 2061 345 2118 illurn
364 2061 599 2134 circumventum,
618 2081 665 2120 me
686 2063 839 2132 desertum,
856 2081 874 2119 a
894 2065 998 2138 quibus

54 2159 177 2216 minime
191 2160 391 2218 conveniebat.
434 2180 460 2218 2.
482 2161 585 2238 Itaque
599 2161 629 2218 in
643 2161 722 2218 luctu
735 2171 764 2218 et
778 2161 910 2236 squalore
925 2180 999 2234 sum,

54 2259 106 2333 qui
127 2259 302 2335 provinciae,
322 2260 371 2335 qui
393 2261 528 2318 exercitui
550 2279 693 2336 praesum,
713 2261 762 2337 qui
783 2260 890 2318 bellurn
911 2278 997 2335 gero:

54 2374 132 2432 quae
164 2357 305 2431 quoniam
339 2375 394 2415 nec
426 2359 536 2416 ratione
569 2376 624 2416 nec
656 2359 799 2416 maiorum
834 2368 999 2416 nostrorum

55 2455 211 2514 clementia
224 2455 453 2527 administrastis,
468 2474 529 2514 non
544 2457 596 2514 erit
609 2457 782 2526 mirandum,
794 2458 818 2515 si
832 2475 884 2514 vos
898 2458 999 2532 poeni-

53 2551 132 2610 tebit
175 2550 222 2609 Te
243 2560 303 2625 tarn
323 2553 423 2610 mobili
443 2554 474 2611 in
494 2572 541 2611 me
562 2572 702 2630 meosque
727 2573 791 2613 esse
815 2555 913 2611 animo
937 2572 998 2612 non

54 2649 227 2724 sperabam:
246 2666 294 2706 me
315 2649 424 2708 interea
443 2669 498 2708 nec
520 2651 695 2710 domesticus
716 2651 800 2710 dolor
823 2669 878 2710 nec
903 2651 998 2709 cuius·

54 2763 145 2824 quarn
159 2745 262 2805 iniuria
275 2747 312 2804 ab
325 2765 356 2804 re
371 2746 486 2822 publica
500 2749 633 2807 abducet.

271 2923 300 2978 5.
342 2920 400 2978 AD
420 2919 672 2980 FAMILIARES
692 2922 728 2982 V.
754 2941 782 2983 a.

334 3033 399 3095 Sca.
422 3035 532 3095 Roman
552 3055 637 3097 nnnc.
660 3039 727 3113 692.

53 3156 85 3200 ra
98 3157 225 3200 ruamus
238 3157 270 3199 rr.
279 3160 306 3200 r.
317 3159 420 3201 crosno
434 3159 462 3209 o.
474 3160 611 3202 nsrnnno
625 3161 651 3209 o.
661 3161 687 3201 a.
696 3162 801 3202 cnnnnr
812 3161 926 3203 rnocos.
937 3161 958 3201 s.
968 3159 997 3201 n.

99 3273 125 3312 1.
148 3253 180 3312 Sr
193 3265 228 3312 'tu
247 3256 447 3331 exercitusque
461 3256 567 3327 valetis,
578 3258 653 3315 bene
673 3268 724 3316 est.
767 3257 874 3316 Scribis
893 3256 931 3316 ad
949 3276 998 3316 me

54 3361 84 3411 te
99 3352 279 3411 existimasse
293 3370 347 3429 pro
366 3364 469 3412 mutuo
486 3354 561 3412 inter
579 3373 634 3413 nos
654 3357 752 3413 animo
773 3366 802 3414 et
820 3373 873 3431 pro
894 3374 997 3414 recon-

53 3449 150 3510 ciliata
163 3449 254 3527 gratia
267 3468 428 3528 numquam
441 3459 470 3510 te
484 3469 502 3509 a
516 3470 562 3509 me
577 3451 699 3511 ludibrio
711 3453 822 3512 laesum
836 3453 876 3511 iri.
907 3451 998 3525 Quod
