2356 3810
87 243 131 304 ap.
144 203 198 304 109',
212 228 281 310 rra]
315 239 427 290 rrrsr.
443 240 492 288 Ao
507 240 671 290 ammon
682 242 754 291 xrr.
773 247 811 314 13
827 243 858 291 a
967 247 1028 315 225

85 409 168 473 patre
189 399 267 457 eius:
287 417 349 458 non
370 400 578 475 contempseris
603 400 679 457 hanc
700 399 837 459 familiam
847 420 856 473 ;
878 399 1027 460 honestius

85 498 163 554 enim
198 507 227 554 et
261 497 394 555 libentius
423 497 597 571 deponimus
631 498 793 556 inimicitias
821 500 862 556 rei
896 499 1027 574 publicae

85 594 206 651 nomine
227 603 375 670 susceptas
398 612 486 671 quam
512 595 720 653 contumaciae.
763 594 814 653 Me
835 595 940 654 deinde
966 597 1028 654 sine

86 691 123 748 ad
144 691 220 750 hanc
234 693 403 767 opinionem
423 693 481 749 iarn
501 710 579 750 nunc
598 690 723 767 dirigere
742 711 866 768 puerum
881 704 909 752 et
928 703 1029 753 tenero

85 790 184 846 animo
209 790 271 848 eius
293 789 469 864 persuadere
491 807 552 846 non
576 807 641 847 esse
666 790 822 849 tradendas
842 792 966 867 posteris
986 793 1028 848 in-

85 886 224 946 imicitias.
266 886 456 962 Quamquam
476 896 557 944 tuam
578 886 733 957 fortunam,
756 885 869 959 Cicero,
889 890 927 957 ab
948 890 1029 947 omni

85 985 213 1058 periculo
238 986 339 1043 abesse
365 997 475 1042 certum
497 983 601 1054 habeo,
623 994 721 1042 tamen
744 985 866 1043 arbitror
890 987 975 1045 malle
1000 996 1029 1045 te

84 1082 211 1157 quietam
235 1092 414 1141 senectutem
435 1091 464 1139 et
488 1081 679 1139 honorificam
707 1083 803 1157 potius
831 1101 917 1159 agere
939 1103 1028 1160 quam

85 1181 244 1250 sollicitam.
287 1181 439 1239 Postremo
453 1197 520 1237 meo
535 1181 595 1237 iure
616 1189 644 1236 te
663 1179 720 1237 hoc
740 1181 914 1239 beneficium
934 1201 1027 1259 rogo;

84 1278 155 1335 nihil
182 1279 261 1335 enim
289 1295 350 1335 non
371 1287 420 1335 tua
441 1294 528 1334 causa
549 1277 612 1335 leci.
656 1275 745 1348 Quod
766 1279 789 1335 si
812 1296 874 1336 non
894 1279 1027 1354 impetro,

84 1393 137 1450 per
163 1394 211 1433 me
239 1373 344 1434 Clodio
367 1375 486 1432 daturus
509 1391 570 1432 non
593 1392 666 1444 sum,
691 1385 722 1432 ut
746 1375 903 1450 intellegas,
923 1380 1028 1452 -quanti

84 1473 163 1548 apud
190 1491 238 1530 me
266 1472 421 1530 auctoritas
448 1480 498 1530 tua
525 1473 570 1542 sit,
593 1481 679 1547 atque
702 1489 739 1530 eo
763 1482 791 1530 te
814 1472 1028 1548 placabiliorem

84 1572 233 1646 praebeas·

253 1731 320 1786 110.
360 1726 417 1784 AD
439 1725 634 1785 arricum
654 1726 736 1785 >uu
761 1745 797 1802 13
819 1727 853 1787 Β.

346 1859 449 1902 CICERO
469 1859 596 1901 ANTONIO
617 1860 674 1901 COS.
696 1860 719 1900 S.
741 1860 767 1900 D.

129 1977 155 2016 1.
176 1956 266 2028 Quor>
289 1974 406 2014 mecum
430 1973 482 2030 per
504 1955 610 2014 litteras
635 1955 705 2031 agis,
730 1973 819 2013 unam
843 1956 883 2013 ob
907 1972 1026 2014 causam

86 2055 202 2112 mallem
216 2072 316 2112 coram
330 2054 458 2128 egisses:
480 2072 542 2111 non
559 2053 637 2112 enim
654 2051 750 2111 solum
769 2053 958 2125 exoratione,
975 2053 1027 2112 sed

86 2153 173 2210 etiam
193 2170 229 2210 ex
243 2151 321 2209 voltu
336 2159 365 2208 et
378 2150 470 2209 oculis
484 2160 513 2208 et
532 2151 635 2220 fronte,
649 2159 682 2207 ut
695 2150 784 2221 aiunt,
798 2168 897 2208 meum
915 2168 985 2226 erga
998 2161 1027 2210 te

87 2268 218 2308 amorem
249 2249 411 2325 perspicere
443 2249 608 2323 potuisses;
643 2265 721 2316 nam,
750 2264 818 2304 cum
850 2257 878 2305 te
911 2266 1027 2324 semper

86 2348 188 2419 amavi,
209 2347 335 2422 primum
356 2356 407 2403 tuo
429 2345 532 2416 studi0,
554 2355 622 2421 post
643 2345 730 2401 etiam
750 2344 892 2404 beneficio
920 2364 1026 2422 provo-

87 2455 176 2514 catuS,
190 2453 253 2501 tum
274 2443 317 2502 his
338 2442 516 2518 temporibus
536 2461 582 2500 res
604 2442 719 2518 publica
740 2451 768 2500 te
789 2441 860 2500 mihi
880 2443 920 2501 ita
944 2461 1024 2502 com·

86 2541 240 2611 mondavit,
251 2550 283 2597 ut
296 2540 436 2598 cariorem
450 2539 572 2614 habeam
583 2541 738 2598 neminem.
783 2560 808 2598 a.
823 2539 947 2600 Litterae
957 2561 1025 2602 vero

86 2649 152 2696 tuae
180 2657 247 2697 cum
272 2637 476 2708 amantissime,
497 2646 559 2694 tum
587 2637 876 2697 honorificentissime
901 2641 1025 2716 scriptae

86 2740 127 2796 sic
148 2755 196 2795 me
217 2735 394 2805 adfecerunt,
415 2745 446 2792 ut
467 2753 528 2793 non
549 2735 617 2794 dare
638 2737 689 2794 tibi
710 2735 885 2794 beneficium
905 2739 1024 2810 viderer,

86 2836 138 2894 sed
152 2836 283 2910 accipere
297 2853 315 2891 a
328 2844 357 2891 te
371 2834 409 2891 ita
423 2842 547 2908 petente,
561 2843 592 2891 ut
606 2833 755 2892 inimicum
768 2853 875 2906 meum,
890 2855 1024 2896 necessa·

85 2935 159 2990 rium
173 2942 264 3002 tuum,
279 2950 327 2989 me
341 2932 429 2988 invito
441 2949 553 2989 servare
567 2931 666 3002 nolles,
688 2949 755 2990 cum
768 2932 799 2990 id
812 2933 890 2992 nullo
905 2938 1024 3010 negotio
1100 2950 1105 2960 ·

84 3031 180 3088 facere
207 3047 318 3105 posses.
362 3048 388 3102 3.
409 3029 476 3103 Ego
503 3047 571 3086 vero
598 3029 649 3086 tibi
671 3029 751 3099 istuc,
773 3030 814 3087 mi
837 3032 957 3103 Antoni,
980 3051 1023 3092 re·

84 3128 178 3197 mitto,
201 3137 287 3202 atque
308 3127 355 3197 ita,
377 3137 408 3184 ut
432 3145 519 3184 mea
543 3135 580 3197 te,
603 3145 670 3184 cum
692 3127 726 3185 iis
749 3129 841 3186 verbis
869 3130 1023 3205 scripseris,

85 3225 282 3283 liberalissime
310 3233 396 3298 atquc
427 3223 715 3282 honorificentissime
747 3235 897 3284 tractatum
929 3229 1023 3288 existi-

85 3337 174 3388 mem,
195 3318 281 3392 idque
304 3336 371 3375 cum
394 3318 496 3388 totum,
517 3335 636 3394 quoquo
660 3319 750 3376 modo
775 3337 806 3376 se
830 3337 875 3378 res
896 3319 1022 3395 haberet,

84 3416 136 3475 tibi
155 3414 284 3472 dandum
297 3425 436 3491 putarem,
449 3425 511 3473 tum
525 3415 564 3473 do
578 3415 664 3473 etiam
677 3415 846 3475 humanitati
864 3427 893 3478 et
906 3429 1023 3482 naturae

543 3529 563 3580 Q
