2348 3788
59 205 102 267 sp.
117 213 170 270 ως,
184 188 252 278 ros]
277 202 389 257 rerer.
405 203 455 252 An
476 204 641 255 Arrrcmu
661 207 732 258 mv.
758 210 808 257 12.
939 210 1003 277 ²23

57 352 214 429 recipiam;
236 352 364 428 postulat
375 353 453 411 enim
467 352 525 412 hoc
537 353 649 413 Hirtius
662 363 695 412 ut
708 353 821 413 faciam.
864 368 892 426 5.
914 353 1003 428 Rogo

57 468 111 509 vos
139 469 227 526 quam
256 451 382 527 primum
415 452 486 511 mihi
512 452 784 510 rescribatis-nam
812 470 874 509 non
901 453 1003 510 dubito

59 549 131 625 quin
146 548 183 605 de
203 547 249 606 his
264 550 350 606 rebus
365 561 431 607 ante
452 550 554 607 horam
568 560 700 624 quartam
719 549 833 608 Hirtius
852 550 1003 608 certiorem

59 665 107 704 me
133 647 169 704 sit
189 645 364 719 facturus-;
386 666 475 723 quem
495 648 526 705 in
553 647 650 706 locum
672 648 826 730 convenire
847 648 1003 723 possimus,

60 762 119 820 quo
134 762 183 801 me
197 744 288 802 velitis
306 744 410 810 venire,
425 745 581 803 rescribite.
623 744 694 804 Post
714 745 903 802 novissimum
919 745 1004 803 Hirtii

60 860 226 900 sermonem
253 841 390 916 placitum
415 853 458 900 est
480 842 551 900 mihi
575 843 722 918 postulare
743 853 775 901 ut
798 843 896 902 liceret
917 843 1004 902 nobis

61 940 176 999 Romae
185 958 249 997 esse
258 941 376 1016 publico
386 941 542 1016 praesidio:
557 941 637 1017 quod
646 939 709 1000 illos
718 941 803 999 nobis
813 959 1005 1010 concessuros

61 1057 122 1096 non
137 1049 209 1114 puto
216 1057 224 1110 ;
247 1056 385 1112 magnam
400 1039 478 1096 enim
492 1040 630 1097 invidiam
638 1039 672 1097 iis
684 1038 831 1098 faciemus,
869 1039 948 1097 Nihil
962 1050 1005 1097 ta-

61 1155 130 1195 men
139 1153 200 1194 non
211 1136 418 1211 postulandum
428 1137 620 1214 putavi,quod
630 1155 756 1215 aequum
768 1155 832 1196 esse
841 1148 1004 1197 statuerem.

257 1295 323 1349 108.
365 1291 422 1349 AD
442 1291 638 1350 ATTICUM
658 1291 741 1351 XIV.
767 1311 816 1351 12.

94 1405 160 1466 Sca.
182 1404 328 1465 Purrorrs
349 1426 377 1465 A·
399 1426 426 1465 n.
448 1427 475 1466 x.
498 1408 659 1466 Karambis
680 1406 778 1467 Maras
798 1425 881 1467 nuc.
906 1421 973 1483 710.

379 1532 482 1573 cremo
503 1532 610 1574 arrrco
630 1531 692 1574 sm.

107 1644 132 1685 1.
155 1626 183 1686 O
205 1646 240 1685 nr
261 1629 366 1698 Attice,
389 1648 490 1687 vereor
515 1649 553 1688 ne
575 1631 660 1688 nobis
688 1629 758 1688 Idus
787 1629 909 1712 Martiae
936 1629 1006 1687 nihil

64 1726 195 1784 dederint
219 1738 331 1801 praeter
359 1728 495 1809 laetitiam
523 1738 552 1784 et
579 1727 637 1785 odii
665 1746 794 1803 poenam
826 1746 861 1786 ae
890 1728 1005 1787 doloris.

10 1903 11 1906 Ἴ
64 1823 150 1894 Quae
171 1823 240 1880 mihi
261 1825 337 1882 istim
352 1825 539 1884 adferuntur?
561 1844 635 1902 quae
655 1824 702 1883 hic
723 1826 830 1884 video?
851 1827 871 1880 b
891 1828 1007 1898 πράξεως

64 1926 142 1992 καλῆς
155 1926 209 1993 μέν,
224 1923 331 1980 ἀτελοῦς
345 1925 375 1978 δέ
382 1927 396 1980 l
424 1922 496 1994 Scis,
511 1942 600 2000 quam
615 1924 733 1998 diligam
749 1923 861 1982 Siculos
875 1933 904 1981 et
918 1942 1007 1998 quam

64 2020 142 2078 illam
165 2019 327 2077 clientelam
350 2021 504 2079 honestam
528 2022 670 2080 iudicem:
700 2021 791 2079 multa
814 2021 867 2079 illis
889 2020 1006 2092 Caesar,

65 2135 160 2192 neque
181 2136 229 2176 me
252 2113 349 2189 invito,
364 2120 417 2176 etsi
438 2118 578 2177 Latinitas
598 2129 658 2178 erat
678 2136 740 2177 non
760 2117 888 2189 ferenda,
903 2136 1003 2176 verum

64 2226 212 2275 tamen—.
255 2217 332 2275 Ecce
347 2225 444 2275 autem
458 2217 604 2274 Antonius
619 2226 740 2294 accepta
760 2217 863 2291 grandi
883 2217 1007 2292 pecunia

66 2313 127 2369 lixit
148 2313 244 2388 legem
269 2335 286 2374 a
309 2315 448 2373 dictatore
472 2314 595 2372 comitiis
619 2315 715 2383 latam,
737 2331 795 2389 qua
818 2313 906 2372 Siculi
929 2315 1007 2373 cives

67 2409 212 2484 Romani;
235 2412 316 2470 cuius
330 2412 371 2469 rei
385 2412 449 2469 vivo
466 2411 515 2470 illo
529 2413 640 2470 mentio
655 2411 741 2470 nulla.
784 2410 883 2483 Quid?
918 2410 1007 2470 Deio·

67 2509 119 2566 tari
139 2511 229 2568 nostri
250 2529 338 2568 causa
357 2529 419 2568 non
440 2510 559 2570 similis?
587 2509 702 2586 Dignus
724 2511 770 2568 ille
789 2511 908 2586 quidem
927 2512 1008 2569 omni

67 2625 169 2681 regn0,
185 2608 236 2666 sed
258 2626 318 2667 non
339 2627 392 2684 per
405 2594 544 2666 Fuluiam.
587 2609 725 2667 Sescenta
746 2609 856 2666 similia
898 2607 1009 2668 Vemm

66 2704 133 2762 illuc
155 2705 266 2765 refero:
295 2716 355 2764 tam
378 2706 486 2764 claram
510 2716 627 2781 tamque
654 2715 787 2764 testatam
807 2725 870 2764 rem
893 2715 1011 2783 tamque

65 2804 181 2873 iustam,
203 2804 393 2876 Buthrotiam,
414 2822 475 2862 non
502 2805 665 2862 tenebimus
686 2804 782 2880 aliqua
802 2823 838 2862 ex
859 2807 961 2880 parte?
982 2816 1011 2864 et

67 2923 104 2964 eo
134 2903 251 2982 quidem
280 2905 383 2980 magis,
408 2916 467 2977 quo
495 2903 548 2960 iste
577 2902 681 2978 plura?
724 2921 752 2962 a.
773 2901 936 2962 Nobiscum
963 2903 1011 2980 hic

67 3003 279 3080 perhonorifice
301 3011 330 3059 et
351 3001 444 3059 amice
462 3000 608 3073 Octavius,
623 3018 710 3076 quem
733 3001 851 3077 quidem
872 3003 916 3060 sui
937 3001 1011 3061 Cae·

68 3119 163 3158 sarem
186 3100 357 3172 salutabant,
372 3098 522 3174 Philippus
544 3117 605 3156 non
624 3100 694 3168 aiem,
708 3099 805 3174 itaque
822 3117 859 3156 ne
878 3117 933 3157 nos
948 3100 1010 3175 qui-

69 3199 137 3256 dem
149 3216 157 3270 3
183 3217 271 3273 quem
285 3215 363 3272 nego
378 3214 465 3273 posse
479 3216 533 3253 esse
551 3198 661 3254 bonum
676 3197 786 3254 civem:
809 3197 849 3256 ita
862 3197 943 3254 multi
957 3198 1012 3255 cir-

69 3304 223 3366 cumstant,
237 3296 286 3370 qui
301 3294 419 3370 quidem
433 3294 539 3352 nostris
558 3304 682 3351 mortem
696 3293 872 3352 minitantur.
914 3293 1011 3370 Negat

68 3391 141 3451 haec
156 3391 221 3450 ferri
236 3410 331 3470 posse.
368 3389 448 3463 Quid
462 3409 573 3459 censes,
583 3409 650 3449 cum
665 3390 792 3448 Romam
807 3408 878 3468 puer
892 3393 1010 3465 venerit,
