2356 3810
177 209 237 273 166
379 223 482 270 nr.
508 222 626 270 rurrrr
648 222 836 271 arcanorum
985 201 1053 285 [cars
1068 217 1113 266 111.

173 380 250 438 Nam
262 380 341 457 quod
356 398 442 457 rogas
456 389 488 438 ut
501 380 653 456 respiciam
667 397 807 455 generum
821 396 927 447 meum,
940 377 1114 436 adulescen-

173 491 232 537 tem
249 482 391 556 optimum
410 479 536 556 mihique
556 480 743 548 carissimum,
761 497 799 536 an
819 478 940 546 dubitas,
958 478 1008 552 qui
1029 477 1113 545 scias,

172 580 271 653 quanti
294 596 360 635 cum
381 577 460 634 illum
481 587 542 634 tum
559 595 627 635 vero
642 576 770 634 Tulliam
791 593 888 633 meam
908 573 1022 643 faciam,
1040 575 1112 649 quin

172 696 207 734 ea
226 695 274 734 me
296 694 363 734 cura
376 675 628 734 vehementissime
648 674 798 732 sollicitet?
819 682 848 731 et
861 691 898 731 eo
912 673 1014 747 magis,
1030 673 1113 748 quod

170 775 200 830 in
225 775 429 832 communibus
453 773 576 831 miseriis
600 773 655 831 hac
676 783 773 830 tamen
796 771 962 829 oblectabar
983 771 1111 846 specula,

169 873 351 932 Dolabellam
365 889 464 929 meum
474 871 519 928 vel
530 872 627 947 potius
641 881 772 928 nostrum
783 869 846 928 lore
861 869 897 927 ab
911 869 945 926 iis
958 869 1111 939 molestiis,

170 988 243 1044 quas
253 969 419 1028 liberalitate
434 988 486 1027 sua
500 979 691 1039 contraxerat,
702 969 831 1026 liberum.
870 967 966 1024 Velim
977 985 1110 1043 quaeraS,

169 1086 245 1143 quos
259 1068 305 1125 ille
320 1069 381 1126 dies
396 1067 571 1138 sustinuerit,
585 1067 615 1125 in
629 1068 700 1124 urbe
719 1067 789 1124 dum
803 1066 864 1136 fuit,
880 1084 969 1140 quarn
988 1067 1111 1124 acerbos

170 1167 233 1236 sibi,
258 1184 346 1241 quam
373 1165 444 1222 mihi
468 1166 523 1240 ipsi
548 1183 651 1223 socero
678 1183 740 1222 non
764 1163 913 1222 honestos.
956 1165 984 1221 6.
1005 1164 1110 1239 Itaque

168 1282 263 1340 neque
284 1283 341 1339 ego
358 1264 435 1321 hunc
455 1263 682 1338 Hispaniensem
704 1280 805 1320 casum
825 1271 973 1337 exspect0,
993 1261 1109 1338 dequo

168 1362 239 1419 mihi
260 1362 440 1438 exploratum
461 1370 505 1419 est
524 1361 565 1418 ita
584 1378 657 1430 esse,
677 1370 708 1417 ut
728 1370 759 1417 tu
780 1360 888 1431 scribis,
910 1377 1005 1434 neque
1027 1361 1108 1434 quic·

169 1479 257 1536 quam
276 1470 369 1518 astute
388 1460 502 1535 cogito:
524 1460 548 1517 si
567 1459 685 1535 quando
706 1459 759 1516 erit
774 1459 886 1529 civitas,
901 1459 954 1516 erit
975 1457 1108 1533 profecto

168 1555 252 1612 nobis
266 1554 364 1623 locus;
387 1555 430 1610 sin
445 1563 542 1610 autem
556 1570 617 1610 non
631 1554 691 1623 erit,
706 1553 736 1610 in
754 1552 873 1611 easdem
892 1552 1061 1610 solitudines
1077 1562 1108 1611 tu

168 1653 238 1726 ipse,
252 1662 283 1709 ut
303 1652 432 1721 arbitror,
446 1651 553 1721 venies,
568 1651 599 1706 in
613 1651 718 1726 quibus
736 1668 792 1708 nos
808 1650 977 1709 consedisse
996 1650 1107 1709 audies

170 1749 228 1807 Sed
247 1768 302 1825 ego
318 1749 439 1807 fortasse
456 1749 595 1807 vaticinor
612 1758 642 1806 et
658 1748 730 1807 haec
749 1750 850 1808 omnia
868 1749 1002 1807 meliores
1016 1748 1106 1806 habe-

167 1849 239 1905 bunt
267 1849 378 1906 exitus:
409 1847 545 1904 recordor
572 1847 649 1904 enim
677 1847 893 1922 desperationes
921 1865 1031 1918 eorum,
1055 1850 1105 1923 qui

168 1963 254 2003 senes
268 1956 350 2002 erant
364 1945 548 2003 adulescente
562 1963 627 2017 me;
648 1963 700 2004 eos
714 1963 770 2021 ego
781 1946 903 2004 fortasse
917 1964 995 2004 nunc
1008 1947 1105 2006 imitor

167 2054 195 2100 et
209 2053 275 2100 utor
289 2044 390 2102 aetatis
404 2045 479 2101 vitio.
524 2057 550 2119 7.
565 2045 660 2102 Velim
679 2046 718 2102 ita
737 2046 780 2104 sit.
824 2045 882 2104 Sed
901 2049 1015 2104 tamenl
1037 2090 1046 2106 .
1066 2092 1074 2107 .
1096 2093 1103 2106 .

167 2151 266 2216 togam
294 2151 472 2217 praetextam
503 2143 561 2199 texi
589 2141 687 2219 Oppio
712 2153 784 2220 puto
811 2153 840 2201 te
867 2145 999 2217 audisse;
1035 2165 1104 2204 nam

168 2237 284 2297 Curtius
298 2249 397 2297 noster
410 2239 567 2315 dibaphum
588 2241 705 2316 cogitat,
720 2241 772 2298 sed
791 2259 859 2299 eum
873 2241 995 2300 infector
1009 2262 1105 2302 mora-

166 2346 219 2393 tur.
263 2335 332 2394 Hoc
359 2335 497 2411 adspersi,
521 2346 553 2394 ut
580 2337 667 2394 scires
694 2355 742 2394 me
769 2345 867 2395 tamen
894 2339 925 2396 in
952 2340 1104 2399 stomacho

168 2434 261 2491 solere
275 2433 375 2491 ridere.
417 2432 463 2491 Dc
476 2432 637 2504 Dolabella,
652 2434 732 2510 quod
750 2435 858 2510 scripsi,
874 2435 982 2494 suadeo
996 2438 1103 2507 videas

166 2543 314 2606 tamquam
335 2532 359 2588 si
379 2540 429 2589 tua
452 2549 498 2589 res
523 2541 633 2606 agatur.
675 2531 845 2590 Extremum
865 2533 934 2591 illud
956 2535 1028 2592 erit:
1049 2553 1104 2594 nos

166 2627 236 2684 nihil
251 2627 434 2698 turbulenter,
446 2626 516 2685 nihil
529 2637 637 2686 temere
649 2628 803 2701 faciemus;
824 2641 853 2689 te
867 2641 965 2689 tamen
979 2650 1103 2703 oramus,

167 2725 396 2801 quibuscumque
415 2726 521 2784 erimus
540 2726 570 2782 in
586 2727 676 2798 terris,
691 2737 722 2785 ut
738 2745 793 2785 nos
807 2728 971 2804 liberosque
989 2742 1104 2792 nostros

167 2825 206 2882 ita
220 2832 326 2894 tueare,
341 2834 372 2881 ut
386 2823 511 2881 amicitia
525 2835 624 2882 nostra
637 2834 666 2883 et
679 2835 728 2882 tua
742 2824 814 2883 fides
827 2825 993 2901 postulabit.

409 2984 454 3038 71.
496 2979 553 3037 AD
575 2979 766 3039 ATTICUM
787 2981 822 3038 X.
840 2985 867 3040 8.

208 3093 272 3154 Sere
295 3112 326 3152 m
346 3091 473 3154 Cunaro
494 3114 521 3154 A.
536 3114 563 3153 n.
586 3114 624 3154 vr.
647 3094 750 3155 Nonas
770 3095 869 3157 Maras
889 3119 971 3162 auc.
994 3116 1061 3178 705.

481 3219 583 3261 menno
604 3220 710 3261 arrico
730 3221 792 3261 sar..

210 3335 235 3376 1.
254 3316 300 3374 Er
321 3335 366 3374 res
379 3317 443 3392 ipsa
459 3318 596 3373 monebat
617 3327 645 3374 et
660 3328 691 3374 tu
712 3318 880 3377 ostenderas
900 3330 929 3379 et
950 3339 1007 3396 ego
1025 3324 1104 3383 vide·

167 3416 243 3484 bam,
259 3415 295 3472 de
310 3416 342 3473 iis
364 3416 457 3485 rebus,
473 3431 544 3491 quas
559 3414 689 3493 intercipi
703 3416 896 3493 periculosum
914 3430 998 3493 esset,
1014 3421 1101 3484 finem
