2348 3788
114 129 157 190 44
385 125 423 172 nr.
450 125 570 171 rnatu
592 125 778 172 nicanorus
952 111 1021 195 [Pars
1035 129 1056 176 1.

115 281 268 340 desiderari
290 281 396 357 putas?
420 281 489 339 nolo
512 299 750 351 commemorare,
766 282 871 357 quibus
891 283 979 340 rebus
1002 284 1057 341 sim

115 381 262 455 spoliatus
291 397 352 436 non
380 379 474 436 solum
502 380 570 455 quia
595 398 656 436 non
680 380 805 454 ignoras
831 381 994 437 sedetiam
1020 399 1058 439 ne

115 478 277 535 rescindam
305 478 368 552 ipse
396 477 526 534 dolorem
555 495 670 535 meum:
701 477 758 534 hoc
783 478 934 547 confirmo,
959 496 1057 553 neque

114 576 201 632 tantis
225 575 310 632 bonis
335 593 398 632 esse
424 576 564 650 priuatum
587 593 763 651 quemquam
788 594 883 650 neque
905 576 936 632 in
960 584 1058 634 tantas

114 674 243 730 miserias
271 672 415 730 incidisse.
467 666 661 730 Dies‘autem
689 691 749 730 non
778 672 868 730 modo
896 691 958 751 non
981 673 1059 730 levat

113 771 222 827 luctum
236 770 322 839 hunc,
338 770 390 827 sed
405 769 491 827 etiam
513 779 615 845 auget;
644 788 713 828 nam
735 771 822 828 ceteri
843 769 959 828 dolores
980 771 1057 827 miti-

114 880 217 942 gantur
232 877 380 936 vetustate,
394 866 440 924 hic
457 884 517 924 non
538 876 634 941 potest
655 885 716 924 non
737 877 765 925 et
787 885 875 926 sensu
895 868 1058 942 praesentis

114 966 246 1022 miseriae
260 976 288 1023 et
307 966 506 1023 recordatione
527 965 695 1040 praeteritae
709 966 783 1023 vitae
798 965 925 1041 quotidie
940 966 1058 1040 augeri:

116 1063 248 1119 desidero
275 1062 353 1119 enim
381 1080 443 1118 non
470 1079 536 1120 mea
564 1061 658 1119 solum
686 1080 781 1137 neque
808 1079 899 1132 meos,
924 1061 978 1119 sed
1009 1081 1058 1119 me

114 1160 219 1234 ipsum.
262 1158 341 1229 Quid
356 1159 434 1216 enim
449 1159 535 1216 sum?
578 1158 637 1216 Sed
657 1176 718 1216 non
737 1157 843 1216 faciam
861 1167 893 1215 ut
909 1166 959 1215 aut
975 1168 1058 1215 tuum

115 1257 244 1314 animum
272 1274 379 1331 angam
406 1257 530 1332 querelis
557 1265 607 1314 aut
633 1257 706 1314 meis
741 1256 905 1314 volneribus
940 1258 1058 1331 saepius

114 1372 219 1412 manus
234 1354 371 1412 adferam.
414 1353 492 1410 Nam
507 1354 587 1429 quod
606 1372 714 1430 purgas
735 1371 795 1423 eos,
811 1372 885 1429 quos
907 1371 965 1429 ego
986 1355 1059 1411 mihi

103 1448 217 1528 ‘scripsi
232 1453 375 1520 invidisse,
387 1461 415 1508 et
429 1452 458 1508 in
473 1452 514 1509 eis
529 1451 681 1521 Catonem,
697 1469 753 1527 ego
767 1470 836 1509 vero
850 1451 1059 1509 tantumillum

115 1555 187 1620 puto
203 1547 239 1602 ab
253 1545 308 1602 isto
324 1545 430 1602 scelere
445 1545 560 1614 afuisse,
574 1555 606 1603 ut
620 1547 746 1602 maxime
768 1545 883 1602 doleam
897 1545 964 1620 plus
979 1545 1059 1621 apud

116 1662 164 1701 me
192 1643 403 1700 simulationem
432 1643 553 1700 aliorum
580 1662 668 1719 quarn
701 1643 781 1700 istius
810 1643 896 1700 fidem
924 1643 1057 1700 valuisse.

118 1740 236 1799 Ceteros
261 1741 341 1816 quod
365 1759 479 1816 purgas,
500 1740 606 1798 debent
628 1741 698 1797 mihi
722 1741 835 1817 purgati
859 1758 931 1810 esse,
955 1741 1008 1798 tibi
1034 1740 1058 1796 si

118 1850 190 1898 sunt.
237 1858 263 1912 3.
287 1838 344 1896 Sed
365 1839 437 1896 haec
460 1855 524 1896 sero
549 1840 671 1913 agimus
713 1837 810 1896 Crassi
830 1839 963 1898 libertum
987 1837 1059 1894 nihil

118 1947 188 2012 puto
217 1938 326 1995 sincere
357 1938 494 1995 locutum.
550 1936 586 1995 In
615 1946 717 1995 senatu
744 1955 806 1994 rem
834 1936 926 2012 probe
954 1936 1059 1994 scribis

118 2048 220 2095 actam.
263 2037 320 2094 Sed
336 2036 404 2111 quid
419 2034 528 2093 Curio?
557 2052 595 2092 an
609 2035 687 2092 illam
703 2034 864 2093 orationem
885 2051 945 2091 non
967 2033 1059 2108 legit?

118 2152 192 2209 quae
208 2135 286 2192 unde
304 2135 340 2191 sit
360 2133 472 2209 prolata
492 2133 601 2190 nesci0.
659 2132 716 2189 Sed
736 2132 836 2203 Axius,
851 2130 981 2188 eiusdem
1002 2131 1060 2188 diei

118 2232 246 2289 scribens
260 2233 297 2289 ad
311 2250 358 2288 me
373 2241 446 2300 acta,
462 2249 522 2288 non
537 2231 576 2287 ita
590 2230 686 2287 laudat
701 2228 867 2338 (luponem.
908 2227 948 2285 At
961 2239 1061 2302 potest

117 2329 163 2386 ille
188 2328 294 2404 aliquid
318 2329 559 2403 praetermittere;
589 2337 628 2396 tu,
653 2319 715 2384 nisi¹
732 2314 812 2402 q'u'od
836 2335 904 2395 erat,
926 2325 1059 2400 profecto

118 2444 178 2484 non
206 2427 349 2501 scripsisti.
407 2425 547 2482 Varronis
583 2442 679 2482 sermo
714 2424 783 2508 facit
810 2423 1060 2498 exspectationem

119 2523 259 2588 Caesaris,
275 2533 360 2597 atque
378 2524 489 2580 utinam
511 2523 572 2596 ipse
586 2522 680 2579 Varro
701 2504 853 2579 incumbai
870 2522 900 2578 in
921 2523 1059 2578 causam!

117 2621 197 2696 quod
211 2621 341 2696 proiecto
356 2639 423 2678 cum
437 2639 490 2678 sua
511 2630 623 2696 sponte,
638 2629 699 2676 tum
713 2629 742 2677 te
756 2620 879 2677 instante
893 2617 987 2676 faciet.
1031 2636 1059 2688 4.

118 2720 193 2795 Ego,
209 2721 232 2778 si
246 2738 297 2776 me.
309 2719 464 2794 aliquando
478 2719 564 2776 vestri
583 2727 611 2776 et
625 2718 733 2794 patriae
754 2726 921 2792 compotem
942 2715 1061 2773 fortuna

119 2819 225 2888 fecerit,
238 2827 314 2875 certe
329 2817 451 2875 efficiam
465 2827 497 2874 ut
511 2816 636 2873 maxime
651 2816 755 2872 laetere
772 2832 848 2872 unus
869 2832 906 2870 ex
920 2815 1060 2870 omnibus

119 2916 229 2985 amicis,
263 2932 386 2988 meaque
421 2914 515 2971 officia
546 2923 574 2970 et
608 2913 710 2982 studia,
739 2929 814 2987 quae
841 2928 945 2989 parurn
972 2898 1061 2968 antea

68 3022 72 3030 '
119 3012 441 3072 luxerunt—fatendum
469 3020 513 3068 est
542 3010 668 3080 enim—‚
697 3010 739 3067 sic
767 3026 916 3083 exsequar,
944 3017 976 3066 ut
1011 3027 1060 3066 me

119 3129 210 3185 aeque
224 3110 276 3166 tibi
290 3127 323 3166 ac
338 3109 416 3166 fratri
434 3118 462 3165 et
476 3107 571 3189 liberis
593 3107 697 3164 nostris
712 3107 873 3163 restitutum
893 3115 986 3181 putes.
1029 3105 1060 3164 Si

95 3193 98 3200 ¹
120 3207 189 3282 quid
204 3208 275 3263 inte
294 3205 420 3282 peccavi,
443 3190 486 3262 ac*¹
498 3187 592 3278 potius
614 3205 752 3278 quoniam
774 3203 899 3277 peccavi,
920 3203 1059 3276 ignosce;

120 3308 150 3363 in
165 3323 211 3360 me
226 3305 302 3361 enim
317 3305 412 3379 ipsum
427 3303 545 3379 peccavi
559 3301 764 3359 vehementius.
808 3299 912 3376 Neque
932 3299 1005 3360 haec
1023 3318 1059 3357 eo
