2356 3810
103 233 224 322 Ep.10.]
320 249 433 300 aaran.
456 250 506 298 nn
527 249 691 298 Arrrourr
711 250 750 300 rr.
776 235 825 300 16.
1003 248 1043 318 27

102 408 242 486 cogitanti
262 419 359 468 autern
376 409 448 468 haec
470 408 528 468 iere
549 410 771 469 succurrebant:
792 409 918 485 primum
939 426 976 466 ex
996 424 1042 477 e0,

101 507 182 584 quod
199 509 394 584 superioribus
411 508 508 566 litteris
527 509 694 584 scripseras,
712 527 749 567 err
768 506 899 565 familiari
918 516 947 564 te
968 505 1043 564 illius

102 605 216 664 audisse
244 592 601 682 pi'dlat‘umf'iri‘aliquid,
634 605 714 682 quod
742 623 831 664 nemo
858 605 1042 680 improbaret,

100 703 196 762 maius
215 702 322 780 aliquid
341 704 493 761 timueram
504 723 512 775 3
534 703 591 761 hoc
609 703 680 760 mihi
700 703 761 761 eius
781 702 863 761 modi
884 720 944 761 non
965 700 1045 758 vide·

100 802 193 859 batur.
235 799 359 867 Deinde,
383 812 415 859 ut
434 819 482 859 me
503 811 620 876 egomet
640 801 782 871 consoler,
804 800 900 858 omnis
921 817 1042 875 exspec-

100 898 171 957 tatio
199 898 358 1008 largitionis
386 898 513 974 agrariae
537 899 568 956 in
592 917 695 974 agrurn
724 899 910 974 Campanum
933 898 1044 956 videtur

101 1013 166 1054 esse
180 963 314 1067 deriva'ta,
333 997 383 1073 qui
397 1014 473 1072 ager,
493 1005 525 1054 ut
513 996 645 1055 tdena
638 1015 739 1072 rugera
757 997 822 1066 sint,
840 1014 901 1054 non
919 995 1042 1071 amplius

100 1092 255 1152 hominum
274 1094 402 1170 quinque
419 1095 497 1185 milia
511 1103 623 1185 potest
636 1095 796 1153 sustinere:
817 1093 926 1169 reliqua
946 1094 1042 1151 omnis

101 1191 255 1250 multitudo
275 1193 313 1250 ab
334 1192 388 1249 illis
408 1168 591 1250 abalienetur
605 1209 725 1250 necesse
743 1200 796 1249 est
838 1191 997 1261 Praeterea,
1019 1189 1042 1248 si

89 1289 159 1347 ‘ulla
176 1307 222 1347 res
241 1297 292 1359 est,
312 1307 387 1365 quae
402 1290 548 1347 bonorum
565 1290 686 1357 animos,
702 1306 776 1366 quos
794 1288 852 1346 iam
874 1288 959 1346 video
977 1306 1042 1346 esse

101 1397 275 1458 commotos,
292 1385 490 1445 vehementius
511 1388 604 1463 possit
622 1387 786 1458 incendere,
800 1386 873 1444 haec
892 1395 970 1444 certe
989 1396 1041 1455 est,

101 1496 130 1544 et
144 1504 180 1544 eo
195 1487 297 1561 magis,
312 1485 392 1562 quod
406 1487 539 1562 portoriis
553 1486 651 1545 Italiae
666 1487 791 1557 sublatis,
806 1504 877 1562 agro
887 1485 1041 1561 Campano

102 1583 203 1654 diviso,
223 1584 302 1660 quod
317 1584 438 1660 vectigal
457 1595 586 1660 superest
603 1584 795 1644 domesticum
816 1593 929 1660 praeter
945 1584 1042 1644 vicen-

101 1682 228 1740 simam?
263 1699 338 1758 quae
369 1682 440 1740 mihi
473 1683 584 1741 videtur
610 1701 669 1742 una
704 1683 888 1742 contiuncula
915 1683 1042 1740 clamore

101 1781 327 1856 pedisequorum
346 1790 511 1838 nostrorum
531 1798 595 1840 esse
615 1782 748 1858 peritura.
792 1801 818 1839 a.
838 1780 957 1840 Gnaeus
979 1782 1041 1858 qui·

102 1879 170 1938 dem
191 1889 291 1937 noster
311 1879 369 1936 iam
390 1878 476 1954 plane
497 1879 567 1954 quid
588 1880 694 1954 cogitet
715 1879 832 1938 nescio:

296 1992 362 2055 φυσᾷ
377 1988 424 2052 γὰρ
440 1990 468 2038 οὔ
485 1989 616 2054 σμικροῖσιν
631 1990 753 2039 annianus
769 1988 812 2049 ἔτι,

296 2072 354 2122 ἀλλ’
370 2072 459 2136 ἀγρίοιι
474 2073 581 2136 φύσασι,
597 2072 709 2136 φορβεῖαι
724 2071 787 2136 ἄνφ·

102 2174 153 2251 qui
178 2173 296 2250 quidem
322 2174 408 2232 etiam
436 2174 511 2232 istuc
538 2174 643 2232 adduci
670 2174 802 2250 potuerit.
844 2171 923 2230 Nam
947 2174 1041 2234 adhuc

101 2272 176 2331 haec
194 2274 339 2344 ἐσοφίζετο,
360 2289 391 2329 se
412 2270 491 2347 leges
505 2270 637 2330 Caesaris
655 2273 788 2347 probare,
803 2271 931 2329 actiones
946 2272 1041 2347 ipsum

102 2381 249 2447 praestare
264 2370 389 2441 debere;
411 2369 552 2444 agrariam
573 2369 667 2445 legem
686 2369 739 2426 sibi
753 2365 901 2445 placuisse,
917 2373 1042 2444 potuerit

102 2467 242 2526 intercedi
263 2485 364 2537 necne,
381 2466 450 2523 nihil
471 2466 509 2524 ad
529 2485 560 2524 se
581 2468 739 2542 pertinere;
763 2467 799 2525 de
820 2485 888 2542 rege
916 2467 1041 2525 Alexan-

104 2565 188 2624 drino
209 2564 351 2641 placuisse
372 2565 426 2621 sibi
447 2564 601 2639 aliquando
623 2564 744 2636 confici;
767 2564 886 2624 Bibulus
906 2565 942 2624 de
959 2565 1041 2623 caelo

102 2673 165 2722 tum
193 2671 332 2720 servasset
359 2680 460 2732 necne,
484 2662 538 2720 sibi
562 2663 760 2736 quaerendum
781 2680 843 2720 non
870 2662 976 2734 fuisse,
1005 2663 1042 2720 de

102 2760 272 2837 publicanis,
297 2758 420 2817 voluisse
440 2779 468 2816 re
487 2759 526 2816 illi
547 2760 640 2818 ordini
666 2760 854 2818 commodare
865 2779 874 2832 ;
904 2760 975 2836 quid
999 2759 1042 2817 fu

102 2870 199 2917 tumm
227 2858 319 2928 fuerit,
348 2858 372 2915 si
393 2857 512 2914 Bibulus
533 2867 594 2914 tum
615 2858 645 2913 in
666 2856 760 2914 forum
782 2857 987 2928 descendisset,
1010 2876 1042 2916 se

103 2957 230 3016 divinare
251 2974 312 3014 non
333 2956 480 3031 potuisse:
502 2973 580 3012 nunc
604 2973 681 3024 ver0,
706 2953 943 3030 Sampsicerame,
971 2955 1041 3030 quid

103 3054 202 3114 dices?
222 3053 343 3130 vectigal
362 3063 391 3112 te
409 3053 494 3111 nobis
509 3052 538 3109 in
552 3063 651 3110 monte
669 3052 835 3112 Antilibano
850 3053 1041 3122 constituisse,

101 3153 165 3228 agri
193 3150 335 3228 Campani
359 3150 529 3209 abstulisse?
558 3151 636 3226 quid,
657 3150 714 3208 hoc
737 3170 825 3226 quem
853 3151 891 3209 ad
918 3151 1041 3209 modum

102 3249 268 3321 obtinebis?
319 3247 502 3324 ‘Oppressos
536 3247 604 3306 vos'
634 3248 726 3323 inquit
756 3250 879 3306 ‘tenebo
912 3247 1040 3306 exercitu

99 3344 253 3408 ¹Caesaris!
304 3345 375 3404 Non
405 3345 568 3403 mehercule
600 3363 648 3403 me
677 3355 708 3402 tu
743 3347 860 3421 quidem
892 3353 952 3401 tam
984 3345 1040 3404 isto

96 3447 230 3509 exercitu
258 3463 346 3522 quam
373 3444 491 3522 ingratis
522 3444 626 3502 animis
659 3461 760 3502 eorum
794 3443 954 3515 hominum,
990 3444 1040 3522 qui
