2356 3810
164 225 223 285 142
430 221 469 274 nr.
495 223 614 273 runnu
634 221 822 274 crennonus
972 205 1039 294 [aaa
1054 224 1099 271 111.

160 381 191 429 tu
215 382 310 431 autem
335 374 541 434 consolationis
565 375 686 434 sortasse
710 375 818 452 aliquid
840 374 1028 450 exspectasti:
1057 374 1099 431 ni·

159 468 198 525 hil
226 471 349 542 inveni0,
368 453 447 530 ¹nihil
475 474 535 530 fieri
564 484 659 549 potest
686 475 826 543 miserius,
854 472 924 529 nihil
951 471 1098 547 perditius

159 566 229 625 nihil
257 568 378 627 foedius.
428 583 455 642 5.
483 571 573 642 Quod
600 572 721 646 quaeris
747 570 816 646 quid
850 569 959 627 Caesar
986 569 1023 626 ad
1051 587 1099 626 me

161 665 313 739 scripserit,
334 666 415 742 quod
439 685 535 742 saepe,
556 670 751 744 gratissimum
773 667 826 726 sibi
846 685 910 725 esse
930 667 1011 742 quod
1035 668 1099 742 qui-

160 763 239 832 erim,
254 773 374 838 oratque
395 765 425 820 in
446 782 483 822 eo
505 776 536 822 ut
556 783 744 840 perseverem.
786 763 895 822 Balbus
913 763 1008 821 minor
1026 763 1099 821 haec

159 860 263 918 eadem
277 862 404 920 mandat.
439 862 607 921 Iterautem
623 864 684 922 eius
697 874 757 922 erat
771 864 807 921 ad
822 862 977 920 Lentulum
992 881 1099 920 consu·

160 957 217 1014 lem
246 976 313 1016 cum
338 959 436 1018 litteris
460 959 593 1018 Caesaris
617 961 871 1036 praemiorumque
895 959 1053 1034 promissis,
1075 960 1099 1016 si

160 1051 287 1111 Romam
304 1056 481 1128 revertisset3
502 1074 609 1125 verum,
624 1074 690 1114 cum
709 1056 804 1115 habeo
822 1057 963 1113 rationem
977 1055 1098 1126 dierum,

159 1163 225 1211 ante
240 1163 311 1229 puto
324 1156 529 1226 tramissurum,
538 1172 626 1230 quam
641 1155 765 1231 potuerit
779 1154 933 1212 conveniri.
969 1155 996 1212 6.
1012 1154 1098 1229 Epis-

160 1250 283 1315 tolarurn
298 1250 430 1327 Pompeii
444 1253 575 1322 duarum,
589 1270 663 1327 quas
676 1253 714 1311 ad
727 1271 774 1310 me
788 1253 873 1321 misit,
885 1252 1099 1327 neglegentiam

160 1366 315 1424 meamque
329 1350 359 1407 in
373 1350 559 1408 rescribendo
574 1350 751 1424 diligentiam
761 1350 837 1408 volui
849 1350 899 1407 tibi
910 1359 1011 1407 notam
1022 1368 1098 1408 esse:

160 1465 258 1504 earum
272 1447 405 1522 exempla
419 1447 456 1505 ad
470 1457 498 1505 te
511 1447 584 1505 misi.
628 1460 654 1520 7.
676 1445 808 1505 Caesaris
825 1446 871 1504 hic
890 1464 942 1522 per
960 1447 1098 1522 Apuliam

160 1545 197 1602 ad
224 1544 409 1602 Brundisium
437 1562 537 1602 cursus
564 1545 634 1620 quid
662 1544 772 1617 efficiat,
800 1554 956 1621 exspecto:
986 1545 1097 1602 utinam

160 1642 267 1717 aliquid
295 1642 386 1699 simile
413 1640 552 1700 Parthicis
579 1643 684 1700 rebusl
714 1641 799 1700 simul
825 1640 934 1716 aliquid
968 1642 1096 1714 audiero,

81 1788 85 1802 .
160 1740 283 1798 scribam
311 1739 348 1797 ad
376 1749 424 1798 te:
452 1749 484 1797 tu
507 1739 545 1797 ad
571 1757 620 1797 me
647 1739 731 1796 velim
759 1740 904 1797 bonorum
929 1757 1096 1811 sermones;

160 1837 274 1895 Romae
298 1836 461 1912 frequentes
484 1855 548 1895 esse
573 1838 714 1896 dicuntur.
755 1836 823 1895 Scio
848 1836 983 1912 equidem
1011 1847 1039 1895 te
1067 1839 1097 1895 in

159 1935 307 2012 publicum
321 1954 383 1993 non
402 1935 526 2011 prodire,
542 1935 594 1994 sed
607 1945 705 1993 tamen
720 1935 818 1992 audire
832 1944 860 1993 te
874 1935 964 1991 multa
977 1953 1098 1994 necesse

159 2044 210 2091 est.
253 2032 375 2091 Memini
393 2033 497 2090 librum
516 2022 690 2091 tibi'adlerri
708 2050 726 2089 a
742 2031 891 2089 Demetrio
906 2031 1046 2107 Magnete
1060 2035 1098 2092 ad

158 2141 187 2189 te
208 2130 328 2188 missum
349 2125 436 2212 [scio]
455 2133 513 2203 περὶ
532 2133 657 2201 ὁμονοίας.
697 2129 774 2188 Eum
795 2128 865 2186 mihi
886 2130 971 2188 velim
992 2131 1096 2190 mittas.

159 2228 260 2302 Vides,
273 2247 361 2306 quam
375 2246 493 2288 causam
507 2229 637 2287 mediter.

363 2389 410 2444 sa
451 2384 509 2444 no
530 2383 724 2444 Arrrcuu
744 2381 830 2444 vur.
854 2402 898 2459 13.

270 2499 336 2561 Sca.
358 2499 480 2560 Fonuus
501 2498 653 2558 Kannums
673 2497 803 2557 Maurus
822 2515 907 2558 suc.
927 2510 941 2572 7
967 2512 994 2573 5.

474 2623 577 2666 crcrno
597 2623 703 2665 nrnrco
723 2622 784 2663 sna.

206 2738 230 2780 1.
252 2719 448 2780 errrrunrnrs
465 2736 549 2776 meae
568 2718 683 2792 signum
702 2718 753 2775 tibi
772 2719 808 2775 sit
823 2717 926 2775 librarii
945 2737 1048 2778 manus
1069 2730 1098 2778 et

163 2820 266 2878 eadem
286 2836 374 2876 causa
392 2817 543 2886 brevitatis,
557 2816 611 2873 etsi
625 2833 703 2873 nunc
717 2815 835 2890 quidem
849 2815 928 2889 quod
943 2817 1097 2874 scriberem

162 2917 232 2976 nihil
250 2926 322 2975 erat:
345 2917 441 2974 omnis
460 2913 637 2991 exspectatio
654 2923 754 2971 nostra
767 2922 826 2970 erat
840 2913 869 2970 in
883 2914 990 2971 nuntiis
1004 2913 1098 2972 Brun·

163 3016 272 3074 disinis.
314 3013 344 3071 Si
358 3022 459 3072 nactus
474 3011 520 3070 hic
534 3021 609 3069 esset
623 3009 758 3069 Gnaeum
770 3020 910 3081 nostrum,
924 3029 990 3085 spes
1010 3012 1098 3070 dubia

163 3114 251 3190 pacis,
266 3112 311 3170 sin
331 3111 377 3168 ille
396 3119 463 3168 ante
484 3109 660 3178 tramisisset,
674 3109 788 3166 exitiosi
808 3109 874 3165 belli
895 3120 998 3168 metus.
1039 3109 1097 3167 Sed

160 3213 289 3281 videsne,
308 3210 338 3267 in
359 3226 447 3284 quem
467 3207 616 3265 hominem
637 3206 767 3264 inciderit
787 3224 833 3264 res
853 3206 987 3282 publica?
1008 3224 1096 3282 quarn

161 3321 287 3380 acutum,
306 3324 394 3386 quam
415 3306 588 3381 vigilantem,
610 3322 698 3381 quam
718 3304 870 3380 paratum?
891 3304 914 3361 si
934 3303 1096 3362 mehercule

161 3409 308 3468 neminem
330 3404 469 3466 occiderit
491 3421 547 3462 nec
566 3403 700 3480 cuiquam
718 3403 873 3479 quicquam
895 3401 1041 3474 ademerit,
1059 3403 1096 3460 ab
