2348 3788
115 204 179 254 200
386 204 425 252 M.
449 205 568 253 runnu
590 205 777 254 crcrnoms
932 185 1045 278 [nasu.

315 437 362 492 92.
404 434 461 492 AD
482 436 732 494 FAMILIARES
754 435 808 494 VI.
832 447 859 510 7.

250 547 314 609 Scn.
329 569 360 608 ru
382 549 490 611 Srcura
511 572 645 612 nmunrn
666 572 743 613 anuo
764 571 847 612 auc.
865 565 880 626 7
906 553 934 610 8.

370 675 492 717 canorus
506 678 639 718 crcnnom
652 678 736 719 anun.
751 677 812 718 sna.

159 787 184 828 1.
213 769 303 842 Quon
330 771 381 830 tibi
408 791 469 830 non
496 782 557 831 tam
584 774 713 831 celeriter
740 764 812 830 liber
842 781 887 831 est
919 771 1053 840 redditus,

116 867 235 941 ignosce
259 869 355 927 timori
379 879 480 927 nostro
506 880 534 927 et
558 871 692 929 miserere
714 869 864 947 temporis.
906 868 1006 938 Filius,
1026 877 1055 926 ut

115 965 210 1036 audio,
229 968 384 1050 pertimuit,
404 986 499 1042 neque
521 969 630 1038 iniuria,
651 969 675 1026 si
695 969 768 1027 liber
788 968 903 1037 exisset,
918 968 1056 1042 quoniam

116 1080 176 1120 non
190 1072 249 1121 tam
263 1065 390 1135 interest,
406 1083 466 1140 quo
485 1066 582 1123 animo
603 1067 750 1135 scribatur,
765 1083 853 1143 quam
871 1082 932 1140 quo
953 1065 1056 1139 accipi-

116 1172 187 1233 atur,
202 1181 239 1220 ne
253 1181 289 1220 ea
302 1181 349 1221 res
364 1164 460 1238 inepte
475 1163 545 1220 mihi
559 1173 687 1233 noceret,
699 1181 767 1222 cum
780 1162 951 1239 praesertim
965 1162 1057 1221 adhuc

116 1260 170 1317 stili
184 1278 295 1335 poenas
310 1261 386 1318 dem.
429 1260 497 1332 Qua
511 1261 629 1335 quidem
644 1261 674 1318 in
688 1279 719 1319 re
739 1259 876 1336 singulari
896 1277 963 1317 sum
984 1259 1056 1330 fato;

115 1378 184 1416 nam
198 1378 265 1417 curn
279 1360 418 1417 mendum
434 1361 590 1435 scripturae
604 1359 688 1417 litura
705 1359 828 1430 tollatur,
843 1358 964 1416 stultitia
983 1358 1057 1416 sama

116 1457 257 1527 multetur,
273 1475 355 1515 meus
373 1475 452 1514 error
472 1458 573 1515 exsilio
596 1458 754 1532 corrigitur,
769 1457 851 1514 cuius
871 1473 990 1514 summa
1008 1457 1057 1514 cri·

116 1555 201 1612 minis
215 1563 267 1624 est,
282 1553 362 1628 quod
380 1563 507 1612 armatus
526 1554 690 1612 adversario
710 1554 784 1611 male
805 1553 871 1612 dixi.
917 1572 943 1610 a.
960 1552 1057 1612 Nemo

115 1661 246 1708 nostrum
267 1661 317 1721 est,
331 1660 363 1708 ut
384 1651 497 1726 opinor,
512 1652 583 1727 quin
602 1661 669 1709 vota
687 1651 834 1710 Victoriae
853 1668 923 1709 suae
940 1651 1054 1726 iecerit3

116 1766 212 1818 nemo,
233 1749 304 1823 quin
325 1748 411 1805 etiam
433 1766 501 1806 cum
522 1747 559 1806 de
581 1748 636 1805 alia
656 1767 687 1807 re
708 1749 878 1818 immolaret,
901 1758 1003 1806 tamen
1023 1767 1058 1807 eo

116 1843 235 1917 quidem
256 1843 321 1919 ipso
342 1852 483 1918 tempore,
502 1852 534 1901 ut
553 1861 641 1918 quam
662 1844 788 1919 primum
810 1842 920 1900 Caesar
940 1862 1058 1919 supera·

116 1951 199 2011 retur,
212 1941 331 2016 optarit:
347 1940 405 1998 hoc
420 1942 444 1998 si
458 1958 519 1998 non
534 1941 649 2016 cogitat,
662 1941 797 1999 omnibus
811 1938 898 1998 rebus
912 1939 982 1998 felix
997 1952 1040 1999 est
1048 1961 1057 2014 3

117 2040 141 2095 si
168 2039 220 2096 scit
247 2047 276 2096 et
303 2056 457 2114 persuasus
486 2048 537 2108 est,
562 2038 634 2112 quid
660 2038 789 2095 irascitur
816 2038 851 2109 ei,
872 2038 923 2113 qui
951 2037 1059 2115 aliquid

117 2137 228 2212 scripsit
252 2146 353 2194 contra
377 2155 459 2194 suam
483 2136 669 2206 voluntatem,
692 2153 758 2193 cum
783 2137 888 2211 ignorit
910 2138 1057 2208 omnibus,

117 2235 166 2310 qui
187 2235 277 2293 multa
301 2235 372 2292 deos
397 2235 523 2292 venerati
547 2244 612 2292 sunt
635 2245 736 2292 contra
760 2234 821 2290 eius
846 2233 988 2292 salutem?
1032 2255 1058 2310 3.

118 2332 175 2389 Sed
189 2343 220 2390 ut
234 2325 339 2390 eoder'n
353 2343 486 2404 revertar,
500 2350 588 2390 causa
602 2331 674 2390 haec
689 2331 741 2389 luit
755 2331 882 2388 timoris:
904 2333 1008 2408 scripsi
1022 2334 1058 2391 de

116 2437 144 2485 te
162 2448 247 2503 parce
267 2431 379 2486 medius
399 2430 484 2487 fidius
502 2439 531 2487 et
552 2429 659 2498 timide,
673 2446 734 2485 non
755 2446 895 2486 revocans
916 2447 964 2486 me
987 2431 1058 2506 ipse,

119 2526 170 2582 sed
189 2544 283 2602 paene
302 2526 456 2601 refugiens·
500 2525 601 2584 Genus
623 2524 798 2583 autemhoc
819 2526 976 2600 scripturae
998 2545 1059 2585 non

117 2625 206 2681 modo
228 2624 358 2694 liberum,
381 2623 433 2681 sed
456 2623 605 2681 incitatum
630 2633 715 2697 atque
738 2623 845 2680 elatum
865 2640 930 2680 esse
952 2624 1059 2682 debere

117 2721 181 2795 quis
195 2721 328 2794 ignorat?
350 2721 476 2778 solutum
498 2721 677 2778 existimatur
696 2738 760 2778 esse
779 2719 858 2778 alteri
872 2721 948 2782 male
962 2722 1060 2781 dicere

117 2829 254 2876 —tamen
269 2818 429 2876 cavendum
441 2828 492 2886 est,
502 2837 540 2876 ne
550 2818 579 2875 in
589 2818 776 2892 petulantiam
787 2818 950 2889 incidas-;
966 2820 1059 2895 impe·

111 2917 216 2986 ditum,
246 2932 277 2972 se
305 2915 401 2989 ipsum
428 2915 553 2985 laudare,
582 2933 620 2972 ne
647 2915 747 2972 vitium
775 2915 962 2989 adrogantiae
991 2918 1060 2975 sub·

119 3023 270 3089 sequatur;
297 3012 392 3069 solum
412 3031 480 3070 vero
501 3013 631 3082 liberum,
653 3012 774 3069 alterurn
795 3013 920 3082 laudare,
941 3013 977 3070 de
999 3031 1060 3090 quo

119 3110 256 3190 quicquid
270 3109 411 3179 detrahas,
427 3127 547 3168 necesse
561 3119 605 3167 est
624 3120 673 3167 aut
692 3110 849 3168 infirmitati
868 3121 917 3168 aut
935 3113 1059 3171 invidiae

119 3210 292 3284 adsignetur.
334 3206 379 3265 Ac
406 3208 506 3266 nescio
535 3225 573 3265 an
600 3208 652 3264 tibi
676 3209 784 3282 gratius
809 3211 1060 3286 opportuniusque

118 3307 269 3377 acciderit;
290 3323 358 3362 nam
379 3304 459 3380 quod
481 3305 626 3380 praeclare
647 3304 741 3363 facere
763 3325 823 3363 non
845 3317 985 3380 poteram,
1001 3308 1059 3384 pri·

117 3422 199 3463 mum
218 3413 286 3475 erat,
301 3421 362 3462 non
381 3404 519 3480 attingere
529 3422 539 3478 3
562 3385 720 3461 secundnm
745 3399 954 3482 [heneficiumi
969 3421 1058 3482 quam
