2356 3810
117 195 160 256 ap.
173 172 242 264 rsa]
300 187 412 245 uersa.
435 193 489 241 aa·
506 191 730 242 rsnrrrnaas
750 189 796 240 ar.
827 195 873 242 10.
995 176 1059 257 265

114 343 255 419 temporis
275 343 424 401 videantur
444 343 500 401 dici
522 356 617 411 causa,
638 342 723 400 malle
743 359 795 399 me
816 351 898 398 tuum
919 338 1058 398 iudicium

114 459 203 516 quam
224 455 261 498 ex
281 440 371 498 altera
390 449 471 516 parte
492 441 624 498 omnium
643 441 780 498 istorum:
802 449 835 496 tu
853 437 931 495 enim
946 453 964 495 a
977 444 1057 495 certo

115 557 203 597 sensu
231 549 259 597 et
283 555 355 596 vero
375 538 487 596 iudicas
511 538 547 596 de
570 538 672 608 nobis;
705 537 785 612 quod
809 537 856 594 isti
881 554 918 594 ne
942 534 1057 604 faciant,

115 652 230 695 summa
248 636 448 694 malevolentia
468 645 498 693 et
517 635 604 694 livore
628 634 829 709 impediuntur.
871 632 1057 709 Interpellent

113 753 169 803 me,
185 752 245 810 quo
266 734 363 790 minus
384 733 543 791 honoratus
564 733 628 803 sim,
644 733 714 791 dum
734 751 771 789 ne
791 731 981 807 interpellent,
997 747 1057 805 quo

114 832 210 888 minus
234 830 418 907 respublica
442 848 460 887 a
482 848 529 887 me
554 829 708 887 commode
730 829 922 887 administrari
947 829 1056 903 possit;

115 948 190 1004 quae
218 939 328 1004 quanto
357 929 393 987 sit
417 928 447 986 in
475 927 612 1004 periculo,
641 944 733 1003 quam·
758 937 860 1001 potero
889 927 1056 985 brevissime

114 1044 271 1102 exponam.
316 1038 341 1085 a'.
364 1025 494 1084 Primum·
507 1026 647 1094 omnium,
658 1034 796 1100 quantam
811 1025 1058 1100 perturbationem

114 1142 211 1205 rerum
233 1126 408 1184 urbanarum
432 1123 542 1181 adferat
565 1124 660 1181 obitus
683 1123 835 1180 consulum
860 1132 1057 1198 quantamque

115 1221 301 1297 cupiditatem
315 1221 480 1279 hominibus
495 1221 600 1279 iniiciat
614 1221 753 1290 vacuitas,
759 1239 819 1278 non
832 1231 861 1279 te
875 1220 965 1294 fugit:
988 1220 1056 1277 satis

114 1337 163 1377 me
191 1319 281 1377 multa
309 1320 466 1394 scripsisse,
490 1337 564 1394 quae
586 1319 685 1376 litteris
708 1318 907 1376 commendari
935 1318 1056 1393 possint,

115 1412 237 1470 arbitror
246 1430 259 1484 ;’
277 1413 337 1471 scio
359 1414 446 1484 enim,
468 1415 513 1470 cui
536 1413 666 1470 scribam.
711 1431 738 1485 3.
761 1412 901 1470 Revertor
921 1428 999 1468 nunc
1020 1410 1058 1466 ad

115 1510 285 1581 Antonium,
308 1511 357 1587 qui
382 1529 418 1568 ex
440 1510 510 1586 suga
531 1529 598 1569 cum
620 1511 766 1586 parvulam
787 1528 907 1568 manum
928 1509 1057 1586 peditum

115 1607 234 1666 haberet
260 1609 421 1678 inermium,
451 1608 595 1684 ergastula
623 1609 765 1666 solve-ndo
790 1623 935 1683 omneque
964 1623 1057 1681 genus

115 1703 268 1759 hominum
296 1703 464 1778 adripiendo
493 1704 562 1762 satis
596 1720 736 1777 magnum
765 1721 919 1761 numerum
946 1702 1057 1759 videtur

115 1799 262 1868 effecisse;
283 1799 340 1858 buc
358 1801 478 1858 accessit
496 1819 601 1858 manus
614 1800 750 1870 Ventidii,
766 1820 841 1876 quae
861 1811 940 1858 trans
959 1800 1057 1874 Apen-

115 1899 218 1955 ninum
230 1898 331 1956 itinere
344 1898 421 1955 facto
434 1899 599 1956 difficillimo
614 1899 651 1955 ad
665 1898 750 1956 Vada
769 1900 897 1974 pervenit
916 1907 1002 1972 atque
1017 1896 1057 1953 ibi

115 2013 237 2054 secum
265 1997 395 2053 Antonio
420 1996 575 2054 coniunxit
618 1995 671 2053 Est
696 2014 832 2056 numerus
855 2007 1057 2053 veteranorum

115 2105 144 2151 et
160 2103 336 2151 armatorum
358 2095 426 2151 satis
447 2093 583 2170 frequens
604 2111 671 2151 cum
686 2093 833 2150 Ventidio.
878 2112 905 2163 4.
927 2091 1062 2149 Consilia.

115 2191 237 2250 Antonii
260 2191 332 2249 haec
353 2193 410 2250 sint
437 2210 558 2250 necesse
582 2201 641 2250 est:
675 2201 724 2249 aut
747 2192 784 2249 ad
806 2191 949 2265 Lepidum
972 2199 1004 2264 ut
1025 2207 1056 2248 se

116 2289 255 2358 conferat,
266 2290 290 2347 si
303 2290 453 2364 recipitur3
476 2301 524 2346 aut
535 2289 713 2364 Appennino
725 2289 905 2365 Alpibusque
917 2305 948 2346 se
959 2296 1058 2345 teneat

116 2398 144 2446 et
158 2387 376 2447 decursionibus
390 2405 443 2462 per
462 2388 581 2462 equites,
597 2403 671 2462 quos
686 2386 772 2444 habet
786 2387 902 2455 multos,
917 2396 1008 2443 vastet
1022 2404 1059 2443 ea

116 2486 188 2556 loca,
203 2486 233 2542 in
248 2502 322 2560 quae
337 2485 485 2542 incurrerit
499 2505 505 2542 :
528 2494 577 2542 aut
590 2502 688 2542 rursus
698 2503 728 2542 se
742 2485 773 2541 in
787 2483 931 2549 Etruriam
944 2484 1056 2554 referat,

116 2583 197 2660 quod
224 2599 261 2640 ea
286 2600 353 2657 pars
381 2580 480 2640 Italiae
508 2583 570 2640 sine
598 2583 723 2640 exercitu
746 2593 798 2642 est.
841 2582 933 2653 Quod
958 2585 982 2642 si
1010 2600 1059 2640 me

116 2681 225 2740 Caesar
246 2680 372 2738 audisset
393 2691 478 2755 atque
501 2681 711 2756 Appenninum
732 2682 888 2751 transisset,
911 2681 942 2738 in
962 2689 1058 2738 tantas
1120 2719 1123 2725 ,

115 2779 265 2854 angustias
278 2778 439 2835 Antonium
458 2778 673 2855 compulissem,
684 2788 715 2835 ut
734 2779 833 2854 inopia
853 2780 950 2853 potius
970 2797 1059 2855 quarn

116 2880 192 2936 ferro
211 2877 407 2935 conficeretur.
450 2875 510 2934 Sed
537 2890 632 2951 neque
654 2875 771 2934 Caesari
800 2877 934 2952 imperari
962 2886 1058 2952 potest

115 2996 171 3036 nec
186 2976 294 3035 Caesar
308 2975 444 3033 exercitui
464 2992 537 3046 suo;
559 2975 641 3051 quod
657 2983 811 3050 utrumque
829 2976 989 3050 pessimum
1005 2986 1055 3032 est.

116 3076 194 3135 Cum
214 3073 286 3131 haec
304 3074 371 3130 talla
389 3073 454 3143 sint,
469 3090 528 3148 quo
549 3073 653 3142 minus,
669 3073 749 3148 quod
771 3073 808 3130 ad
828 3091 876 3130 me
897 3073 1059 3147 pertinebit,

115 3173 249 3232 homines
263 3171 453 3246 interpellent,
468 3180 499 3228 ut
514 3188 600 3246 supra
615 3171 724 3247 scripsi,
740 3188 801 3228 non
816 3170 964 3245 impedi03
987 3171 1059 3229 haec

116 3269 256 3347 quemad
276 3270 398 3326 modum
416 3267 552 3342 explicari
570 3268 682 3343 possint
702 3278 758 3337 aut,
774 3277 833 3325 ate
849 3285 915 3325 cum
934 3267 1059 3341 explica·

116 3368 231 3437 buntur,
246 3383 283 3424 ne
305 3364 498 3440 impediantur
518 3366 614 3422 timeo
659 3378 685 3438 5.
708 3365 793 3423 Alere
808 3367 865 3423 iam
880 3365 985 3422 milites
999 3380 1061 3422 non
