2356 3810
175 233 216 299 70
389 261 393 274 2
445 227 484 282 M.
510 231 629 280 rurrrr
651 232 840 280 crosnorvrs
1000 213 1070 307 [ran
1086 232 1119 282 11.

174 378 331 438 Lentulum
345 388 476 459 nostrum
489 360 664 479 {iiiiiiaspe
679 400 809 479 summae
824 380 934 439 virtutis
949 380 1120 440 adulescen-

173 487 232 535 tem
248 496 316 535 cum
331 477 431 535 ceteris
441 449 568 554 Artibus,
575 455 827 555 quibiss‘sfuduisti
842 495 956 552 semper
970 478 1042 554 ipse,
1056 489 1120 536 tum

175 575 204 631 in
219 575 319 650 primis
336 575 497 633 imitatione
516 576 557 633 tui
578 575 624 634 fac
643 575 777 648 erudias:
799 576 878 634 nulla
898 576 975 633 enim
996 575 1050 634 erit
1064 575 1121 634 hac

174 673 366 747 praestantior
386 672 555 748 disciplina:
577 691 666 749 quem
681 690 742 744 nos
757 682 785 732 et
800 674 868 749 quia
881 682 947 731 tuus
966 682 995 730 et
1009 673 1078 749 quia
1092 684 1121 730 te

175 768 280 842 dignus
301 779 345 827 est
359 769 433 828 filius
453 779 482 828 et
496 771 564 846 quia
584 788 640 829 nos
662 770 753 846 diligit
774 787 948 847 semperque
967 769 1076 840 dilexit,
1092 770 1122 828 in

174 865 274 942 primis
288 883 421 925 amamus
435 885 592 944 carumque
606 867 758 927 habemus.

369 1043 417 1099 27.
458 1039 515 1098 AD
536 1039 787 1100 FAMILIARES
808 1040 878 1099 VII.
901 1053 927 1116 5.

318 1154 384 1216 Seu.
407 1155 517 1216 Romu
538 1174 632 1215 MENSE
653 1155 776 1215 Mnnrro
798 1174 882 1216 nuc.
905 1168 973 1230 700.

445 1280 548 1322 crcrrno
568 1281 689 1323 clusam
709 1282 769 1323 nur.
790 1281 813 1322 s.
827 1282 855 1321 o.
872 1247 923 1311 ψῃ

221 1391 246 1432 1.
260 1372 347 1446 Vror,
356 1393 445 1450 quam
459 1375 530 1433 mihi
539 1377 731 1451 persuaserim
742 1386 771 1436 te
785 1395 833 1435 me
848 1395 912 1436 esse
926 1376 1048 1436 alterum
1061 1396 1122 1438 non

177 1473 268 1531 modo
290 1474 321 1531 in
341 1475 376 1531 iis
396 1475 490 1544 rebus,
506 1492 581 1550 quae
601 1474 640 1533 ad
659 1493 707 1533 me
728 1476 832 1552 ipsum,
848 1475 899 1534 sed
920 1476 1007 1533 etiam
1028 1477 1121 1548 iniis,

177 1587 253 1645 quae
274 1571 311 1628 ad
332 1588 416 1629 meos
436 1571 599 1647 pertinent:
622 1571 655 1630 C.
672 1571 843 1631 Trebatium
864 1573 1033 1649 cogitaram,
1048 1593 1123 1652 quo·

178 1685 303 1744 cumque
328 1670 445 1739 exirem,
470 1688 586 1728 mecum
610 1671 725 1741 ducere,
746 1680 778 1729 ut
799 1690 868 1730 eum
889 1672 962 1754 meis
985 1675 1123 1732 omnibus

178 1766 288 1836 studiis,
303 1767 451 1824 beneficiis
465 1784 554 1843 quam
568 1769 786 1826 ornatissimum
808 1768 930 1826 domum
944 1769 1122 1828 reducerem.

179 1863 238 1921 Sed
252 1872 355 1938 postea
374 1881 462 1940 quam
483 1874 511 1922 et
525 1863 657 1941 Pompeii
672 1865 863 1922 commoratio
878 1865 1039 1924 diuturnior
1052 1877 1122 1938 erat,

178 1979 266 2036 quam
280 1971 422 2037 putaram,
436 1972 464 2021 et
481 1981 548 2021 mea
562 1948 705 2039 quaedam
720 1963 771 2020 tibi
786 1981 847 2021 non
861 1964 962 2038 ignota
982 1964 1123 2023 dubitatio

178 2070 228 2119 aut
255 2059 393 2135 impedire
425 2059 635 2136 profectionem
668 2079 765 2118 meam
791 2061 941 2119 videbatur
968 2072 1018 2120 aut
1046 2073 1124 2121 certe

178 2157 301 2228 tardare,
316 2158 388 2229 vide,
404 2157 474 2234 quid
488 2157 559 2214 mihi
573 2157 764 2234 sumpserim:
787 2159 871 2234 coepi
881 2158 953 2216 velle
967 2177 1002 2218 ea
1011 2159 1124 2219 Treba·

146 2313 147 2316 ,
179 2257 251 2314 tium
265 2265 433 2330 exspectare
448 2265 517 2349 ate,
531 2273 606 2337 quae
626 2263 770 2331 sperasset
788 2274 806 2314 a
822 2274 878 2326 me,
894 2273 989 2332 neque
1011 2257 1125 2316 meher-

180 2353 243 2411 cule
265 2354 361 2411 minus
386 2354 413 2411 ei
440 2333 552 2430 pioli'xe
576 2353 612 2412 de
636 2362 686 2411 tua
708 2353 855 2412 voluntate
879 2354 1009 2430 promisi,
1035 2373 1124 2431 quam

179 2468 259 2508 eram
282 2451 380 2508 solitus
406 2450 442 2509 de
463 2469 530 2509 mea
551 2451 688 2527 polliceri.
732 2469 758 2510 2.
780 2450 874 2510 Casus
896 2469 964 2509 vero
987 2453 1125 2512 mirificus

180 2548 298 2624 quidam
312 2549 463 2606 intervenit
474 2549 556 2624 quasi
567 2548 611 2607 vel
625 2547 704 2606 testis
719 2548 865 2624 opinionis
880 2567 964 2606 meae
975 2549 1021 2606 vel
1035 2568 1125 2626 spon-

181 2665 229 2704 sor
240 2645 424 2705 humanitatis
439 2658 517 2704 tuae:
539 2665 608 2705 nam
623 2664 690 2704 cum
705 2645 810 2705 dehoc
824 2647 889 2722 ipso
902 2645 1042 2705 Trebatio
1058 2667 1126 2707 cum

181 2743 274 2802 Balbo
289 2753 389 2803 nostro
404 2745 537 2821 loquerer
552 2745 712 2805 accuratius
729 2744 809 2802 domi
823 2761 916 2815 meae,
931 2744 1041 2804 litterae
1055 2748 1126 2807 mihi

182 2844 286 2900 dantur
307 2861 325 2900 a
346 2852 382 2914 te,
407 2843 511 2919 quibus
535 2843 566 2901 in
590 2843 728 2902 extremis
756 2843 894 2918 scriptum
918 2851 995 2900 erat:
1026 2843 1128 2916 ‘M.†

181 2941 312 3010 itfiuium,
323 2959 411 3016 quem
425 2939 495 2998 mihi
510 2940 708 3010 commendas,
720 2940 765 2997 vel
779 2958 879 3014 regem
891 2938 1002 2998 Galliae
1012 2940 1127 3015 faciam,

181 3039 225 3097 vel
243 3039 321 3097 hunc
340 3037 485 3115 †Leptae
507 3039 616 3114 delega,
631 3039 655 3097 si
669 3039 728 3096 vis:
749 3048 780 3097 tu
802 3038 839 3095 ad
859 3057 907 3096 me
929 3039 1016 3096 alium
1037 3043 1128 3114 mitte,

181 3157 269 3215 quem
285 3137 404 3197 ornem!
441 3137 613 3196 Sustulimus
628 3156 732 3195 manus
746 3147 775 3195 et
789 3155 846 3214 ego
861 3147 889 3194 et
898 3136 1024 3195 Balbus:
1046 3148 1128 3197 tanta

181 3237 233 3295 luit
250 3235 461 3311 opportunitas,
476 3235 591 3293 utillud
611 3235 710 3293 nescio
729 3235 800 3310 quid
820 3252 881 3292 non
901 3233 1058 3304 fortuitum,
1076 3236 1129 3294 sed

180 3335 309 3393 divinum
331 3335 479 3392 videretur.
524 3331 611 3390 Mitto
636 3333 721 3408 igitur
743 3331 781 3389 ad
803 3342 831 3390 te
847 3331 1017 3389 Trebatium
1040 3344 1128 3410 atque

179 3432 219 3491 ita
240 3434 331 3502 mitto,
354 3441 385 3489 ut
406 3430 487 3488 initio
508 3449 574 3489 mea
595 3439 709 3508 sponte,
727 3439 795 3506 post
816 3441 913 3488 autem
934 3430 1054 3488 invitatu
1075 3440 1127 3490 tuo
