2356 3810
165 228 223 275 112
440 219 478 271 rr.
505 219 624 268 ronan
647 221 835 269 crosnovrs
989 203 1057 296 [rats
1072 223 1106 271 rr.

133 427 136 435 ,
160 369 263 444 Itaque
289 367 351 424 sine
377 365 434 423 ulla
458 365 619 440 ignominia
644 365 703 424 suis
731 362 857 423 humeris
885 364 1024 439 pecunias
1052 384 1108 441 po·

160 467 234 541 pulis
257 465 443 534 rettulerunt;
465 463 566 538 populi
588 472 684 519 autem
705 462 784 519 nullo
805 462 914 536 gemitu
936 462 1107 536 publicanis

161 564 265 638 quibus
287 562 343 619 hoc
364 562 430 636 ipso
451 561 541 618 lustro
570 560 638 617 nihil
662 560 813 630 solverant,
839 559 926 617 etiam
951 561 1108 636 superioris

161 661 241 717 lustri
269 660 379 734 reliqua
406 658 611 730 reddiderunt3
648 659 744 732 itaque
772 656 933 732 publicanis
961 658 992 715 in
1014 659 1109 716 oculis

162 775 270 816 sumus.
313 755 440 814 ‘Gratis’
469 756 564 830 inquis
587 755 701 812 ‘virisl’
724 753 882 812 Sensimus.
924 754 988 812 Iam
1012 767 1110 813 cetera

162 856 231 913 iuris
247 854 334 912 dictio
349 871 414 911 nec·
425 853 557 928 imperita
571 862 599 910 et
620 852 747 910 clemens
762 871 829 909 cum
844 852 1003 910 admirabili
1017 853 1108 912 facili-

162 964 236 1024 tate;
260 953 353 1010 aditus
369 961 465 1008 autem
481 951 518 1009 ad
538 968 585 1007 me
605 950 731 1018 minime¹
743 949 949 1024 provinciales3
969 951 1041 1016 nihil
1056 971 1109 1027 per

164 1051 384 1120 cubicularium;
419 1058 485 1105 ante
513 1049 607 1106 lucem
631 1047 846 1105 inambulabam
869 1049 956 1118 domi,
978 1060 1010 1107 ut
1037 1051 1109 1108 olim

163 1149 341 1208 candidatus.
398 1145 488 1204 Grata
520 1146 593 1204 haec
621 1156 650 1204 et
676 1163 785 1220 magna
817 1146 946 1221 mihique
974 1148 1108 1206 nondum

163 1247 308 1304 laboriosa
329 1263 365 1302 ex
385 1244 433 1301 illa
453 1253 548 1301 vetere
569 1243 677 1302 militia.
719 1245 746 1301 6.
769 1243 863 1302 Nonis
886 1245 972 1302 Maiis
994 1246 1024 1302 in
1039 1245 1108 1303 Cili-

164 1346 239 1403 ciam
260 1343 425 1418 cogitabam
436 1359 443 1411 ;
466 1341 505 1398 ibi
527 1359 594 1398 cum
616 1341 733 1399 Iunium
754 1359 887 1400 mensem
908 1345 1108 1418 consumpsis-

164 1451 354 1516 sem-atque
375 1438 485 1494 utinam
505 1438 535 1494 in
555 1439 645 1512 pacel
668 1457 808 1513 magnum
827 1440 906 1497 enim
925 1440 1033 1498 bellum
1054 1441 1108 1498 im·

164 1539 272 1617 pendet
286 1557 303 1596 a
317 1535 477 1606 Parthis—‚
493 1535 669 1606 Quinctilem
689 1537 719 1593 in
737 1537 829 1594 reditu
843 1556 971 1613 ponere;
989 1556 1108 1601 ,annuae

164 1638 242 1695 enim
256 1635 326 1693 mihi
340 1652 446 1710 operae
462 1652 487 1692 a.
503 1633 530 1690 d.
546 1653 586 1691 111.
603 1633 668 1691 Kal.
686 1633 783 1692 Sextil.
799 1645 977 1694 emerentur:
999 1654 1107 1711 magna

165 1746 260 1794 autem
285 1734 315 1791 in
338 1751 390 1807 spe
413 1750 477 1789 sum
502 1732 572 1789 mihi
597 1732 666 1788 nihil
689 1734 828 1808 temporis
850 1744 1039 1809 prorogatum
1064 1735 1105 1791 iri.

166 1832 321 1891 Habebam
335 1839 399 1887 acta
412 1829 523 1886 urbana
544 1848 635 1905 usque
654 1831 692 1888 ad
707 1829 810 1889 Nonas
825 1830 954 1901 Martias,
970 1851 986 1889 e
1001 1833 1106 1908 quibus

165 1929 368 2004 intellegebam
397 1926 530 1986 Curionis
565 1914 655 1986 nostri
685 1930 848 1987 constantia
880 1931 988 1987 omnia·
1010 1931 1111 2006 potius*

166 2038 264 2087 actum
282 2027 316 2084 iri
333 2043 419 2102 quam
437 2025 473 2083 de
488 2026 659 2100 provinciis:
680 2045 759 2101 ergo,
774 2035 806 2084 ut
827 2045 920 2102 spero,
936 2029 1106 2103 propediem

166 2138 195 2186 te
215 2125 327 2183 videbo.
370 2136 397 2197 7.
417 2122 513 2180 Venio
535 2123 573 2181 ad
594 2123 714 2181 Brutum
736 2133 826 2195 tuum,
846 2124 935 2183 immo
956 2137 1108 2197 nostrum;

83 2240 89 2254 ¹
168 2227 208 2284 sic
228 2224 306 2282 enim
325 2222 434 2280 mavis:
456 2221 591 2297 equidem
612 2223 713 2280 omnia
733 2221 797 2294 ieci,
812 2240 886 2297 quae
907 2224 990 2298 potui
1010 2234 1058 2280 aut
1079 2224 1109 2280 in

168 2341 233 2380 mea
260 2320 408 2396 provincia
435 2320 571 2394 perficere
595 2330 645 2378 aut
672 2321 702 2378 in
726 2338 818 2396 regno
846 2321 977 2396 experiri.
1018 2321 1109 2380 Omni

168 2421 253 2495 igitur
274 2417 364 2475 modo
385 2417 433 2491 egi
454 2435 521 2474 cum
546 2436 613 2493 rege
638 2426 667 2476 et
688 2435 745 2492 ago
767 2418 902 2493 quotidie,
924 2437 976 2494 per
1003 2420 1110 2477 litteras

170 2518 277 2576 scilicet
285 2535 293 2588 ;
315 2516 411 2590 ipsum
425 2516 502 2572 enim
516 2515 642 2573 triduum
653 2516 879 2592 quadriduumve
893 2534 1009 2574 mecum
1023 2517 1111 2574 habui

170 2613 340 2674 turbulentis
361 2613 391 2669 in
412 2613 506 2682 rebus,
528 2614 632 2688 quibus
654 2631 721 2670 eum
744 2613 867 2672 liberavi.
911 2612 968 2672 Sed
993 2623 1022 2671 et
1049 2625 1111 2672 turn

171 2729 308 2789 praesens
323 2720 351 2768 et
365 2720 468 2786 postea
487 2711 676 2769 creberrumis
695 2711 795 2768 ltilerz's
813 2729 874 2768 non
896 2711 989 2770 destiti
1008 2729 1112 2786 rogare

172 2820 201 2869 et
228 2818 325 2885 petere
350 2826 416 2866 mea
439 2826 536 2879 causa,
566 2809 688 2867 suadere
713 2819 741 2867 et
765 2809 871 2868 hortari
894 2827 961 2867 sua:
989 2810 1111 2866 multum

170 2906 290 2984 proieci,
306 2905 358 2963 sed
377 2916 525 2980 quantum,
540 2923 602 2964 non
620 2906 714 2981 plane,
726 2908 794 2982 quia
814 2908 901 2982 longe
916 2910 1028 2978 absum,
1043 2909 1112 2967 scio.

173 3004 344 3065 Salaminios
361 3003 553 3062 autem-hos
571 3004 650 3061 enim
670 3015 800 3080 poteram
820 3007 1112 3075 coercere—adduxi,

171 3115 204 3162 ut
224 3113 318 3161 totum
341 3119 449 3158 nomen
472 3100 588 3177 Scaptio
609 3102 713 3160 vellent
734 3104 852 3174 solvere,
874 3104 927 3162 sed
948 3105 1113 3162 centesimis

172 3201 265 3261 ductis
298 3216 316 3257 a
347 3216 490 3274 proxuma
521 3198 639 3276 quidem
671 3201 844 3276 syngrapha,
873 3220 928 3261 nec
959 3201 1113 3278 perpetuis

172 3299 225 3357 sed
245 3297 388 3356 renovatis
410 3298 573 3380 quotannis.
615 3297 848 3356 Numerabantur
869 3300 996 3356 nummi:
1022 3299 1115 3356 noluit

175 3394 317 3471 Scaptius,
360 3393 417 3466 Tu,
440 3394 553 3470 quiais
574 3394 695 3453 Brutum
716 3413 821 3472 cupere
843 3395 949 3471 aliquid
973 3395 1115 3473 perdere?
