2348 3788
114 221 178 283 204
386 215 424 266 ru.
450 215 570 261 rurrrr
591 214 780 262 cronnorvrs
936 196 1051 287 [new.

41 352 43 356 Α
114 393 182 432 cum
197 372 339 432 secundas
355 373 441 429 etiam
456 390 502 430 res
517 380 639 441 nostras,
654 389 716 428 non
730 369 821 428 modo
836 369 981 440 adversas,
996 389 1054 446 per-

114 471 311 540 timescebam,
328 470 519 544 videbamque
534 480 643 546 quanto
662 469 789 544 periculo
806 469 843 527 de
861 468 924 525 iure
944 468 1055 544 publico

115 569 322 644 disceptaretur
345 567 448 638 armis;
472 568 576 642 quibus
598 567 622 624 si
642 566 661 623 ii
682 567 825 636 vicissent,
847 565 885 623 ad
906 583 984 640 quos
1004 583 1056 640 ego

116 667 197 742 pacis
211 683 271 740 spe,
282 682 342 722 non
357 664 427 736 belli,
438 665 594 739 cupiditate
609 665 749 722 adductus
764 681 954 734 accesseram,
964 673 1057 721 tamen

115 762 327 837 intellegebam,
342 771 371 820 et
385 762 522 819 iratorum
536 761 688 819 hominum
703 771 731 819 et
745 761 921 838 cupidorum
935 770 966 818 et
984 761 1057 818 inso-

116 861 235 917 lentium
250 877 338 934 quam
352 859 475 917 crudelis
490 868 566 918 esset
580 858 674 917 lutura
687 859 812 930 victoria,
823 859 869 917 sin
883 867 983 916 autem
997 858 1058 916 victi

116 968 221 1028 essent,
229 965 353 1032 quantus
365 957 492 1014 interitus
504 965 579 1014 esset
591 957 701 1014 futurus
712 957 816 1014 civium
828 957 934 1032 partim
947 956 1060 1033 amplis·

116 1057 264 1126 simorum,
275 1055 379 1130 partim
393 1055 479 1112 etiam
493 1055 677 1129 optimorum,
687 1055 736 1130 qui
751 1073 797 1111 me
809 1053 882 1112 haec
893 1054 1060 1129 praedicen-

116 1164 176 1210 tem
196 1163 282 1227 atque
302 1154 411 1228 optime
431 1153 630 1210 consulentem
645 1153 728 1210 saluti
744 1170 813 1210 suae
827 1151 977 1208 malebant
991 1152 1060 1208 nim-

116 1253 177 1309 ium
192 1251 326 1308 timidum
340 1268 428 1326 quam
447 1251 515 1307 satis
534 1250 706 1325 prudentem
721 1232 884 1308 existimari.
929 1268 957 1323 3.
974 1248 1061 1320 Quod

117 1360 214 1410 autem
229 1349 299 1406 mihi
314 1349 350 1406 de
365 1366 410 1418 eo,
419 1348 499 1422 quod
513 1348 629 1423 egerim,
638 1348 796 1424 gratularis,
806 1358 833 1406 te
847 1347 887 1404 ita
897 1348 971 1405 velle
986 1357 1060 1406 certo

118 1449 189 1518 scio,
200 1447 252 1504 sed
266 1463 323 1520 ego
337 1456 397 1502 tam
411 1446 517 1502 misero
530 1456 661 1520 tempore
676 1445 745 1502 nihil
759 1445 827 1502 novi
842 1444 957 1503 consilii
972 1447 1062 1521 cepis-

118 1566 188 1615 sem,
200 1546 253 1602 nisi
265 1546 294 1602 in
305 1545 398 1601 reditu
408 1562 476 1601 meo
487 1543 575 1600 nihilo
586 1544 720 1602 meliores
731 1562 777 1601 res
788 1543 964 1602 domesticas
976 1563 1063 1620 quam

118 1643 339 1718 rempublicam
354 1641 558 1699 offendissem:
578 1642 682 1718 quibus
696 1642 774 1699 enim
787 1658 841 1717 pro
856 1641 930 1698 meis
945 1642 1062 1700 immor-

118 1743 221 1801 talibus
235 1739 381 1798 beneficiis
395 1740 543 1798 carissima
556 1759 623 1798 mea
634 1740 710 1798 salus
721 1750 749 1798 et
759 1758 842 1798 meae
853 1738 990 1799 fortunae
1001 1759 1062 1800 esse

118 1842 272 1910 debebant,
284 1857 350 1897 cum
365 1847 484 1914 propter
498 1857 599 1896 eorum
615 1839 708 1896 scelus
723 1837 791 1895 nihil
806 1837 875 1894 mihi
890 1838 966 1897 intra
980 1857 1062 1897 meos

118 1939 241 2015 parietes
255 1945 356 2006 tutum,
369 1936 439 1992 nihil
454 1936 563 1994 insidiis
577 1954 700 1994 vacuum
714 1936 849 2004 viderem,
859 1953 1003 1994 novarum
1016 1956 1063 1995 me

118 2035 362 2095 necessitudinum
377 2034 512 2091 fidelitate
527 2044 628 2091 eontra
648 2042 776 2091 veterum
795 2019 946 2108 perfidiam
968 2037 1063 2093 muni·

119 2137 228 2200 endum
243 2134 348 2209 putavi.
391 2133 449 2191 Sed
465 2133 501 2190 de
516 2132 621 2189 nostris
636 2132 720 2189 rebus
736 2132 803 2189 satis
817 2131 861 2188 vel
881 2132 969 2189 etiam
989 2134 1063 2200 nim,-

118 2235 178 2291 ium
193 2232 292 2288 multa.
311 2244 315 2249 ·
336 2249 363 2302 4.
385 2229 431 2288 De
446 2231 501 2288 tuis
515 2230 601 2287 velim
614 2239 646 2287 ut
659 2247 695 2287 eo
715 2231 754 2287 sis
768 2230 874 2300 animo,
891 2247 951 2305 quo
972 2230 1062 2289 debes

119 2349 192 2398 esse,
208 2330 237 2386 id
256 2338 308 2398 est,
322 2339 354 2386 ut
370 2329 492 2402 nequid
506 2327 557 2384 tibi
571 2328 725 2403 praecipue
740 2327 900 2386 timendum
914 2337 1017 2402 putes:
1040 2331 1063 2387 si

118 2429 197 2484 enim
219 2437 309 2484 status
331 2427 383 2482 erit
404 2427 507 2500 aliquis
528 2406 657 2495 civitatis,
672 2426 846 2500 quicumque
868 2425 928 2496 erit,
947 2433 978 2482 te
999 2445 1062 2485 om-

119 2527 199 2582 nium
217 2523 410 2599 periculorum
424 2524 508 2580 video
528 2532 678 2598 expertem
695 2523 755 2580 fore
765 2543 773 2594 ;
794 2541 862 2580 nam
883 2523 990 2582 alteros
1011 2527 1063 2584 tibi

118 2625 177 2680 iam
192 2623 321 2697 placatos
335 2639 398 2678 esse
414 2620 556 2694 intellego,
567 2621 671 2678 alteros
686 2638 846 2696 numquam
861 2621 947 2679 iratos
962 2621 1061 2682 fuisse.

119 2721 165 2778 De
179 2737 246 2776 mea
260 2728 358 2775 autem
372 2717 402 2774 in
419 2727 446 2774 te
465 2718 610 2776 voluntate
631 2719 671 2776 sic
689 2717 774 2775 velim
794 2718 911 2788 iudices,
927 2737 983 2789 me,
999 2723 1063 2795 qui-

119 2818 300 2890 buscumque
325 2818 410 2874 rebus
433 2835 509 2892 opus
534 2835 598 2874 esse
622 2815 795 2890 intellegam,
818 2834 997 2891 quamquam
1021 2820 1062 2876 vi-

120 2915 214 2984 deam,
225 2914 274 2990 qui
289 2914 344 2970 sim
358 2914 414 2971 hoc
429 2925 559 2990 tempore
575 2923 603 2971 et
614 2915 683 2989 quid
693 2915 815 2989 possim,
824 2931 914 2988 opera
926 2923 1024 2972 tamen
1035 2926 1064 2974 et

121 3012 251 3082 consili0,
267 3012 362 3069 studio
377 3012 495 3086 quidem
513 3021 590 3070 certe
604 3012 645 3070 rei
659 3010 752 3068 famae
768 3011 850 3068 saluti
865 3020 930 3069 tuae
945 3024 1063 3087 praesto

121 3111 257 3169 futurum.
299 3109 348 3167 Tu
372 3109 465 3181 velim,
489 3119 517 3167 et
542 3109 612 3184 quid
637 3127 707 3183 agas
732 3118 760 3166 et
785 3109 854 3184 quid
879 3119 1010 3168 acturum
1034 3122 1064 3171 te

121 3221 214 3288 putes,
229 3209 317 3268 facias
331 3225 378 3266 me
393 3225 482 3286 quam
498 3206 716 3283 diligentissime
731 3206 889 3266 certiorem.
