2356 3810
195 646 262 740 M.
292 645 537 740 TULLII
582 643 978 740 CICERONIS

258 875 567 948 Eursroius
606 874 910 948 saraciae

490 1097 612 1163 PARS
641 1099 683 1163 V.

319 1264 386 1319 105.
428 1260 487 1319 ΑΙ)
508 1260 703 1320 ATTICUM
723 1261 807 1319 XIV.
832 1279 858 1322 1.

175 1371 241 1433 Sca.
261 1391 293 1440 m
312 1391 481 1433 surdarum
502 1373 599 1433 Maru
619 1395 646 1433 A.
661 1394 689 1434 n.
710 1392 760 1434 vu.
782 1375 853 1434 qus
873 1373 1003 1435 armus

500 1491 583 1533 auc.
607 1486 674 1547 710.

431 1597 533 1638 CICERO
554 1598 661 1639 ATTICO
682 1597 744 1639 SAL.

159 1710 183 1750 1.
206 1691 343 1764 Drvuu'rr
358 1692 395 1750 ad
409 1692 497 1762 illum,
512 1692 549 1750 de
568 1711 628 1768 quo
647 1704 744 1751 tecum
763 1712 859 1752 mane.
901 1692 981 1751 Nihil
997 1712 1061 1770 per·

115 1790 218 1849 ditius:
240 1792 396 1867 ‘explicari
415 1811 477 1851 rem
498 1812 559 1852 non
580 1812 685 1869 posse;
707 1795 815 1852 etenim
837 1795 860 1853 si
880 1793 926 1852 ille
947 1795 997 1853 tali
1018 1796 1060 1853 in-

115 1889 203 1965 genio
223 1889 332 1947 exitum
349 1907 410 1948 non
424 1892 592 1967 reperiebat,
607 1892 671 1967 quis
692 1910 771 1949 nunc
790 1889 945 1968 reperiet?’
981 1892 1060 1965 Quid

116 1988 249 2063 quaeris?
271 1989 380 2064 perisse
394 1991 493 2048 omnia
507 1990 610 2061 aiebat,
625 1989 705 2066 quod
722 1989 801 2048 haud
821 1991 881 2048 scio
901 2009 940 2048 an
955 1991 995 2048 ita
1009 1993 1044 2050 sit
1052 2011 1059 2062 ;

115 2104 214 2143 verum
228 2085 274 2143 ille
293 2086 434 2161 gaudens,
448 2087 638 2162 adfirmatque
657 2087 754 2145 minus
773 2087 873 2146 diebus
892 2106 939 2146 xx.
955 2089 1060 2146 tumul·

115 2194 176 2241 tum
191 2182 344 2253 Gallicum,
360 2184 390 2241 in
405 2202 568 2242 sermonem
583 2203 614 2242 se
629 2195 697 2261 post
711 2184 782 2243 Idus
801 2183 920 2242 Martias
935 2197 1060 2261 praeter·

116 2299 204 2356 quam
228 2280 341 2355 Lepido
367 2282 480 2340 venisse
505 2282 632 2354 nemini;
656 2282 694 2341 ad
715 2300 866 2352 summam,
889 2301 951 2340 non
973 2302 1061 2359 posse

115 2381 205 2438 istaec
219 2380 261 2438 sic
275 2379 363 2437 abire.
406 2379 434 2438 Ο
449 2379 608 2454 pudentem
623 2379 771 2456 Oppium!
794 2381 843 2455 qui
860 2379 950 2438 nihilo
964 2383 1061 2440 minus

115 2477 195 2534 illum
210 2476 361 2546 desiderat,
371 2476 424 2534 sed
436 2477 563 2552 loquitur
574 2477 654 2549 nihil,
664 2477 744 2554 quod
758 2496 935 2553 quemquam
949 2480 1061 2537 bonum

115 2573 252 2631 offendat
296 2573 355 2631 Sed
372 2573 445 2632 haec
464 2573 613 2633 hactenus.
657 2593 683 2632 2.
705 2573 763 2645 Tu,
784 2591 904 2649 quaeso,
922 2576 1062 2652 quicquid

114 2671 314 2730 novi-multa
327 2683 425 2729 autem
440 2671 744 2747 exspecto-scribere
758 2688 796 2728 ne
810 2672 941 2746 pIgrere3
964 2673 995 2730 in
1010 2674 1061 2744 his,

115 2769 153 2828 de
168 2768 257 2826 Sexto
277 2769 383 2827 satisne
401 2778 518 2839 certum,
534 2769 660 2826 maxime
678 2778 775 2826 autem
794 2768 830 2825 de
845 2767 936 2827 Bruto
951 2783 1061 2841 nostm,

115 2871 152 2928 de
174 2886 233 2945 quo
254 2869 372 2944 quidem
393 2869 448 2940 ille,
470 2868 508 2926 ad
529 2886 616 2945 quem
637 2866 752 2938 deverti,
767 2866 923 2927 Caesarem
945 2870 1062 2928 solitum

116 2973 220 3040 dicere,
242 2969 360 3044 ‘magni
381 2968 473 3040 refert,
495 2967 542 3026 hic
564 2967 634 3044 quid
662 2967 737 3039 velit,
760 2966 812 3025 sed
834 2968 973 3044 quicquid
994 2971 1062 3040 volt,

115 3067 198 3126 valde
211 3066 271 3124 volt
280 3065 297 3137 ;'
319 3065 405 3140 idque
420 3058 488 3122 eum
502 3064 746 3134 animadvertisse,
761 3081 829 3121 cum
851 3081 905 3138 pro
920 3063 1062 3124 Deiotaro

117 3165 226 3224 Niceae
252 3163 377 3234 diceret;
402 3161 486 3220 valde
511 3161 696 3218 vehementer
717 3178 784 3217 eum
806 3161 899 3218 visum
920 3170 950 3219 et
973 3161 1062 3222 libere

118 3266 231 3335 dicere;
254 3273 340 3338 atque
355 3261 514 3319 etiam-ut
528 3260 606 3317 emm
616 3258 742 3335 quidque
754 3259 902 3329 succurrit,
912 3258 980 3317 libet
995 3263 1063 3319 scri-

117 3361 369 3437 bere-proxime,
384 3376 451 3416 cum
472 3356 556 3416 Sestii
575 3366 678 3432 rogatu
697 3355 775 3432 apud
795 3374 862 3414 eum
880 3355 999 3426 fuissem
1012 3377 1063 3418 ex·
