2348 3788
64 193 259 278 Ep.102,103.]
282 207 393 256 arrsr.
413 207 463 255 an
483 207 704 256 raurarnnas
725 208 789 256 κη.
816 194 865 262 18.
945 214 1006 278 217

63 373 157 440 putes,
172 363 224 421 sed
246 363 340 434 etiam,
356 363 437 439 quod
457 363 528 421 mihi
549 383 624 440 opus
646 365 689 436 sit,
704 383 752 422 me
774 384 792 424 a
812 375 840 423 te
861 375 959 442 petere
980 377 1009 424 et

62 480 175 537 rogare.
217 460 423 520 Gratissimum
444 462 529 536 igitur
548 463 620 518 mihi
639 462 749 532 feceris,
766 464 789 520 si
803 462 1009 523 Volaterranos

62 560 200 617 omnibus
213 561 300 617 rebus
315 560 443 634 integros
454 560 671 635 incolumesque
682 578 746 618 esse
758 560 893 619 volueris:
908 580 1008 621 eorum

63 675 121 731 ego
139 657 292 727 domicilia,
307 656 400 727 sedeS,
420 675 491 728 rem,
506 645 645 728 fortunas,
660 645 729 732 qaae
745 668 774 716 et
795 677 813 717 a
832 659 876 717 dis
890 660 1008 718 immor-

62 755 166 813 talibus
185 765 214 813 et
232 773 251 813 a
269 756 520 830 praestantissimis
539 756 569 812 in
589 766 689 813 nostra
709 774 740 814 re
762 757 879 832 publica
899 758 1008 817 civibus

63 870 180 910 summo
208 863 326 910 senatus
354 853 511 928 populique
541 852 669 911 Romani
698 853 794 911 studio
822 866 1008 914 conservatae

63 959 139 1019 sunt,
163 961 229 1008 tuae
254 951 321 1008 fidei
344 951 466 1008 iustitiae
491 951 672 1025 bonitatique
697 952 882 1010 commendo.
926 971 954 1025 4.
978 955 1008 1012 Si

62 1065 116 1123 pro
131 1049 205 1105 meis
219 1049 345 1124 pristinis
360 1050 465 1124 opibus
479 1048 645 1106 facultatem
660 1048 730 1104 mihi
745 1066 791 1106 res
806 1049 863 1108 hoc
876 1059 1008 1127 tempore

62 1146 151 1215 daret,
173 1155 205 1202 ut
232 1146 272 1203 ita
300 1145 455 1204 defendere
480 1164 598 1222 possem
619 1144 835 1217 Volaterranos
858 1166 946 1223 quem
970 1151 1007 1209 ad

61 1243 184 1300 modum
199 1245 336 1300 consuevi
350 1244 422 1301 tueri
436 1261 527 1312 meoS,
543 1243 654 1300 nullum
674 1242 811 1314 officium,
826 1245 938 1303 nullum
956 1248 1007 1306 de·

61 1341 148 1415 nique
175 1351 330 1411 certamen,
351 1343 382 1398 in
407 1359 466 1416 quo
490 1341 544 1398 illis
569 1332 709 1415 prodesse
730 1358 858 1416 possem,
880 1355 1006 1418 praeter-

61 1440 204 1496 mitterem
212 1457 220 1510 ;
236 1440 288 1496 sed
299 1439 438 1514 quoniam
451 1439 529 1512 apud
543 1448 570 1496 te
585 1437 676 1495 nihilo
691 1439 788 1497 minus
802 1439 860 1498 hoc
873 1449 1004 1516 tempore

61 1535 154 1593 valere
182 1555 229 1593 me
258 1537 385 1607 confide,
408 1554 497 1612 quam
520 1536 659 1593 valuerim
684 1553 799 1611 semper
823 1538 902 1614 apud
927 1539 1006 1597 bonos

61 1651 174 1704 omnes,
189 1652 242 1709 pro
259 1644 359 1692 nostra
373 1652 487 1692 summa
500 1633 713 1692 necessitudine
727 1635 847 1711 parique
862 1637 1005 1698 internos

61 1741 90 1789 et
103 1739 205 1788 mutua
219 1731 419 1789 benevolentia
435 1732 488 1788 abs
506 1741 534 1788 te
553 1741 631 1806 pet0,
646 1741 677 1788 ut
697 1732 737 1788 ita
757 1734 793 1791 de
809 1733 1005 1794 Volaterranis

60 1847 198 1899 mereare,
225 1838 258 1886 ut
285 1829 449 1886 existiment
477 1846 544 1886 eum
574 1829 656 1903 quasi
684 1828 782 1887 divino
811 1833 933 1890 consilio
960 1835 1005 1891 isti

60 1928 181 2002 negotio
200 1927 397 2001 praepositum
418 1944 491 1995 esse,
507 1926 585 2000 apud
603 1943 691 2000 quem
712 1945 804 1984 unum
825 1947 881 1987 nos
902 1949 1005 1989 eorum

60 2026 191 2102 perpetui
206 2024 373 2083 defensores
387 2025 541 2100 plurimum
556 2023 648 2080 valere
663 2042 824 2099 possemus

185 2185 250 2238 103.
293 2179 358 2237 ΑΙ)
387 2179 712 2238 FAMILIARES
744 2180 811 2239 XII.
838 2184 883 2240 18.

252 2295 315 2354 Sere
334 2295 443 2354 Rounn
463 2314 514 2354 sua
535 2314 626 2353 muru
646 2314 729 2355 auc.
751 2311 817 2371 709.

259 2420 361 2460 cicaro
382 2419 404 2460 s.
419 2419 447 2459 n.
462 2419 625 2460 conunucro
646 2420 807 2461 comaclu.

103 2536 129 2575 1.
151 2515 240 2587 Quor>
259 2525 419 2573 extremum
434 2516 486 2574 fuit
499 2518 529 2574 in
543 2535 579 2575 ea
592 2513 722 2592 epistola,
738 2537 827 2594 quam
841 2536 859 2575 a
873 2528 902 2576 te
916 2538 1003 2595 prox-

59 2617 117 2674 ime
136 2614 245 2689 accepi,
260 2613 298 2671 ad
318 2614 349 2671 id
368 2615 494 2688 primum
515 2616 700 2690 respondebo
711 2635 721 2689 3
741 2617 871 2675 animum
893 2618 1003 2677 advorti

58 2715 137 2772 enim
162 2713 219 2770 hoc
246 2729 299 2769 vos
326 2730 451 2787 magnos
480 2724 608 2771 oratores
636 2713 731 2772 facere
759 2733 1001 2792 nonnumquam:

58 2810 196 2886 epistolas
210 2810 330 2884 requiris
347 2827 445 2881 meas;
467 2827 524 2885 ego
544 2820 642 2868 autem
660 2830 829 2887 numquam,
847 2831 914 2871 cum
933 2816 1003 2873 mibi

58 2907 259 2968 denuntiatum
280 2917 356 2965 esset
377 2926 395 2965 a
415 2909 471 2965 tuis
492 2908 533 2965 ire
555 2908 689 2982 aliquem,
711 2928 773 2968 non
794 2911 869 2969 dedi.
913 2912 1003 2984 Quod

57 3006 129 3064 mibi
161 3006 260 3062 videor
292 3022 329 3062 ex
362 3005 418 3063 tuis
446 3005 544 3063 litteris
572 3006 739 3083 intellegere
766 3019 794 3067 te
822 3010 893 3068 nihil
921 3029 1002 3070 com-

57 3105 213 3161 missurum
234 3120 297 3159 esse
317 3111 425 3160 temere
446 3122 501 3161 nec
521 3113 596 3174 ante,
618 3124 706 3180 quarn
729 3107 841 3178 scisses,
863 3127 923 3183 quo
948 3111 1000 3167 iste

57 3201 158 3260 nescio
183 3200 232 3274 qui
257 3198 400 3258 Caecilius
425 3199 532 3259 Bassus
556 3213 728 3278 erumperet,
751 3206 906 3282 quicquam
931 3210 1001 3266 certi

58 3299 288 3366 constituturum,
304 3297 334 3355 id
353 3315 410 3372 ego
427 3310 456 3356 et
470 3318 616 3374 speraram
632 3303 784 3376 prudentia
797 3315 847 3361 tua
861 3303 949 3363 fretus
963 3319 1000 3376 et,

57 3408 90 3455 ut
114 3394 301 3464 confiderem,
323 3393 453 3455 fecerunt
476 3406 542 3455 tuae
571 3400 749 3473 gratissimae
777 3400 847 3458 mibi
874 3402 983 3461 litterae
990 3422 999 3477 ;
