2356 3810
165 229 229 292 104
442 225 480 276 M.
507 225 629 274 rurrrr
650 225 838 273 orornorvrs
991 215 1059 297 [aare
1074 228 1108 275 11.

163 384 192 432 et
214 372 378 432 mehercule
403 375 571 432 auctoritate
596 382 645 431 tua
668 372 836 430 inflammati
859 372 978 432 vicimus
1002 393 1110 436 ornnes

162 472 269 530 —hoc
296 482 327 530 tu
354 473 393 530 ita
420 473 671 548 reperies-cum
696 471 876 538 abstinentia,
901 480 964 528 turn
991 472 1106 542 iustitia,

163 569 305 637 facilitate,
340 570 501 627 clementia.
553 569 630 628 Cave
665 578 749 644 putes
784 569 939 643 quicquam
974 569 1108 629 homines

162 668 255 741 magis
282 651 421 743 umquam
450 686 514 725 esse
541 668 659 725 miratos
687 684 776 742 quam
804 666 915 723 nullum
945 668 1108 726 teruncium

162 782 210 821 me
232 765 381 822 obtinente
406 765 584 841 provinciam
611 761 879 839 sumptusvfactum
907 781 971 822 esse
996 782 1050 822 nec
1077 766 1108 822 in

162 879 223 917 rem
246 861 391 936 publicam
416 880 470 919 nec
493 862 523 919 in
545 878 721 936 quemquam
742 878 883 930 meorum,
904 869 1108 936 praeterquam

162 959 192 1015 in
220 956 253 1017 L.
275 957 403 1016 Tullium
431 959 566 1034 legatum.
608 957 648 1028 Is,
673 958 821 1032 ceteroqui
846 959 1002 1030 abstinens,
1027 953 1107 1040 [sed]

162 1054 235 1113 Iulia
262 1055 326 1130 lege
354 1056 479 1126 transita,
502 1056 591 1113 semel
618 1065 716 1112 tamen
744 1055 773 1111 in
803 1055 887 1124 diem,
909 1074 980 1126 non,
1001 1065 1034 1113 ut
1060 1055 1108 1115 alii

162 1153 303 1222 solebant,
325 1153 462 1210 omnibus
487 1153 564 1222 viciS,
587 1148 711 1231 [praeter
736 1171 803 1209 eum
832 1154 922 1211 semel
945 1171 1033 1212 nemo
1059 1172 1108 1213 ac-

162 1245 251 1331 cepit]
271 1249 338 1308 facit
357 1259 388 1308 ut
406 1249 476 1306 mihi
496 1249 682 1325 excipiendus
702 1250 746 1319 sit,
762 1268 829 1307 cum
848 1251 1009 1308 teruncium
1028 1269 1108 1327 nego

163 1358 294 1424 sumptus
321 1347 446 1420 factum3
479 1357 593 1423 praeter
620 1365 687 1405 eum
712 1349 823 1423 accepit
844 1366 940 1407 nemo.
992 1351 1020 1407 6.
1041 1349 1107 1409 Has

162 1465 180 1503 a
196 1458 295 1503 nostro
311 1445 348 1516 Q.
358 1444 469 1502 Titinio
487 1445 587 1503 sordes
606 1445 780 1520 accepimus.
821 1445 888 1521 Ego
905 1447 1018 1506 aestivis
1035 1466 1106 1506 con·

162 1544 243 1601 fectis
264 1542 405 1613 Quintum
427 1543 542 1601 fratrem
564 1543 690 1601 hibernis
711 1553 740 1601 et
761 1543 877 1603 Ciliciae
899 1545 1040 1621 praefeci;
1067 1545 1105 1617 Q.

162 1642 324 1712 Volusium,
340 1642 381 1699 tui
397 1642 507 1700 Tiberii
525 1659 674 1717 generum,
689 1651 798 1699 certum
817 1641 966 1700 hominem
981 1652 1010 1700 et
1028 1643 1106 1700 miri·

160 1741 217 1798 fiee
241 1740 441 1810 abstinentem,
463 1739 528 1797 misi
551 1740 581 1796 in
606 1737 743 1814 Cyprum,
766 1750 797 1797 ut
818 1741 857 1797 ibi
879 1740 1020 1816 pauculos
1044 1741 1106 1799 dies

164 1848 248 1908 esset,
270 1856 307 1894 ne
328 1837 404 1895 cives
429 1836 555 1894 Romani
579 1837 673 1913 pauci,
694 1837 744 1912 qui
771 1837 826 1894 illic
847 1838 1039 1912 negotiantur,
1062 1839 1106 1897 ius

164 1938 218 1995 sibi
245 1935 353 1993 dictum
381 1943 536 2010 negarent;
567 1952 637 1992 nam
662 1935 775 1991 evocari
798 1953 835 1992 ex
863 1920 957 1992 insula
981 1934 1106 2010 Cyprios

163 2034 313 2093 nonlicet.
337 2045 363 2107 7.
385 2033 454 2108 Ipse
471 2033 501 2089 in
520 2032 621 2090 Asiam
639 2031 787 2107 profectus
808 2049 872 2090 sum
894 2030 990 2090 Tarso
1011 2032 1105 2093 Nonis

162 2133 309 2202 Ianuariis,
334 2148 395 2189 non
422 2131 584 2189 mehercule
612 2130 668 2190 dici
696 2140 800 2206 potest,
828 2149 888 2207 qua
915 2131 1106 2191 admiratione

161 2229 279 2289 Ciliciae
303 2229 449 2287 civitatum
471 2231 655 2305 maximeque
678 2227 882 2297 Tarsensium
911 2239 1015 2305 postea
1036 2248 1105 2290 vero

161 2346 249 2402 quarn
282 2328 415 2386 Taurum
446 2336 641 2404 transgressus
675 2346 748 2397 sum,
776 2327 896 2384 mirifica
928 2330 1106 2402 exspectatio

162 2427 250 2483 Asiae
269 2435 433 2482 nostrarum
452 2425 637 2497 dioecesium,
657 2444 731 2502 quae
751 2444 802 2484 sex
823 2425 972 2484 mensibus
993 2426 1106 2502 imperii

161 2524 219 2581 mei
244 2523 335 2580 nullas
362 2540 443 2580 meas
465 2533 616 2598 acceperat
640 2524 754 2594 litteras,
779 2542 939 2599 numquam
959 2522 1106 2598 hospitem

160 2620 277 2678 viderat.
319 2605 395 2677 Illud
419 2629 516 2677 autern
541 2628 655 2695 tempus
681 2622 834 2696 quotannis
855 2631 922 2679 ante
945 2637 994 2679 me
1015 2621 1107 2679 suerat

161 2719 191 2774 in
205 2718 261 2776 hoc
276 2727 414 2794 quaestu:
436 2718 564 2775 civitates
583 2717 749 2794 locupletes
764 2737 802 2776 ne
821 2719 851 2775 in
868 2718 988 2776 hiberna
1002 2719 1107 2778 milites

161 2817 329 2891 reciperent,
344 2834 467 2892 magnas
485 2815 623 2891 pecunias
643 2815 757 2888 dabant,
773 2815 871 2892 Cyprii
890 2817 997 2875 talenta
1011 2818 1108 2876 Attica

157 2932 212 2984 cc,
228 2932 285 2989 qua
299 2932 334 2971 ex
355 2915 550 2972 insula-non
568 2915 750 2986 ὑπερβολικῶς,
766 2914 818 2971 sed
836 2915 983 2972 verissime
1001 2915 1108 2991 loquor

160 3029 339 3070 -nummus
364 3012 459 3070 nullus
486 3030 535 3070 me
560 3013 705 3070 obtinente
733 3012 913 3086 erogabatur.
957 3011 1005 3070 Ob
1033 3012 1107 3071 haec

161 3110 310 3180 beneficia,
334 3111 438 3185 quibus
464 3110 502 3166 illi
525 3111 741 3185 obstupescunt,
766 3110 861 3167 nullos
886 3109 1012 3167 honores
1035 3111 1107 3168 mihi

160 3210 216 3266 nisi
236 3209 389 3266 verborum
412 3208 528 3266 decerni
551 3208 631 3280 sino;
658 3218 774 3277 statuas
796 3207 871 3277 sana,
892 3209 1017 3280 τέθριππα
1038 3226 1107 3283 pro-

162 3307 256 3377 hibeo,
278 3324 332 3363 nec
354 3324 418 3362 sum
440 3306 470 3363 in
490 3305 549 3363 ulla
569 3324 600 3363 re
621 3305 675 3363 alia
698 3306 837 3362 molestus
865 3305 1032 3374 civitatibus,
1054 3307 1108 3364 sed

163 3403 284 3462 sortasse
305 3398 363 3476 tibi,
384 3404 433 3480 qui
454 3403 525 3461 haec
546 3403 710 3480 praedicem
731 3402 767 3461 de
789 3421 845 3461 me.
886 3400 992 3474 Perfer,
1014 3403 1037 3461 si
1058 3421 1107 3468 me
