2356 3810
113 182 245 265 Ep.101.]
305 191 418 242 arrsr.
442 193 491 238 An
513 187 736 241 rnnrrmnns
757 192 806 239 rr.
834 195 882 240 12.
993 192 1056 261 215

113 352 226 410 circiter
245 349 318 408 hora
340 350 453 408 decima
474 349 568 407 noctis
583 349 614 406 P.
630 348 802 417 Postumius,
820 331 965 406 familiaris
986 348 1056 416 eius,

114 450 153 508 ad
177 449 323 507 mevenit
347 458 375 506 et
398 448 469 505 mihi
490 448 629 504 nuntiavit
652 445 693 503 M.
717 446 895 520 Marcellum,
916 446 1058 520 collegam

114 558 257 617 nostrum,
272 556 339 622 post
356 531 446 604 cenae
459 555 580 620 tempus
600 562 618 602 a
631 543 664 602 P.
678 543 779 619 Magio
795 543 906 614 Cilone,
921 544 1059 602 familiare

115 647 187 715 eius,
208 645 336 720 pugione
357 660 527 718 percussum
548 653 612 700 esse
633 652 662 699 et
683 641 742 699 duo
761 642 880 721 volnera
902 641 1059 718 accepisse,

115 761 209 802 unum
229 743 258 798 in
280 741 440 811 stomacho,
457 741 579 798 alterum
600 740 630 797 in
649 740 743 814 capite
761 740 923 798 secundum
941 758 1059 812 aurem3

115 842 226 917 sperari
237 851 334 898 tamen
345 858 412 897 eum
424 841 517 897 vivere
532 857 636 914 posse;
652 838 785 913 Magium
796 857 827 897 se
838 839 934 914 ipsum
945 838 1033 897 interf
1048 870 1060 882 ·
1095 829 1100 835 ’

117 941 192 998 cisse
206 949 326 1016 postea;
349 956 379 996 se
394 957 412 996 a
426 937 565 995 Marcello
580 937 617 994 ad
632 955 679 994 me
693 938 814 995 missum
833 956 906 1006 esse,
921 938 970 1014 qui
988 937 1061 996 haec

117 1039 262 1096 nuntiaret
276 1047 303 1094 et
317 1047 440 1113 rogaret,
451 1039 491 1094 uti
503 1037 632 1094 medicos
646 1055 772 1111 cogerem.
808 1035 900 1111 Coe'gi
910 1046 940 1095 et
950 1055 967 1094 e
977 1037 1062 1095 vesti·
1144 1070 1146 1074 ·

118 1138 168 1211 gio
179 1154 216 1194 eo
228 1155 292 1193 sum
303 1135 449 1211 profectus
460 1136 554 1209 prima
564 1135 637 1192 luce.
672 1133 747 1191 Cum
759 1153 820 1193 non
831 1135 918 1210 longe
933 1134 1062 1192 aPiraeo

119 1237 263 1302 abessem,
282 1252 355 1309 puer
374 1233 489 1291 Acidini
509 1233 625 1290 obviam
645 1232 717 1289 mihi
731 1234 808 1308 venit
829 1251 895 1291 eum
916 1233 1062 1302 codicillis,

120 1333 282 1407 inquibus
307 1341 368 1389 erat
395 1315 541 1406 scriptum,
566 1329 652 1406 paulo
681 1339 748 1388 ante
772 1330 868 1388 lucem
893 1329 1063 1389 Marcellum

120 1431 199 1488 diem
214 1448 299 1488 suum
313 1430 419 1486 obisse.
462 1428 507 1486 Ita
517 1429 559 1486 vir
573 1428 745 1487 clarissimus
760 1430 797 1487 ab
811 1418 929 1487 homine
948 1429 1064 1487 deterri-

121 1547 173 1586 mo
188 1529 374 1586 acerbissima
387 1536 480 1584 morte
499 1538 543 1585 est
558 1526 697 1599 adfectus,
712 1538 748 1597 et,
764 1528 810 1585 cui
824 1527 932 1585 inimici
946 1537 1066 1604 propter

123 1627 292 1700 dignitatem
311 1634 509 1702 pepercerant,
524 1625 657 1682 inventus
675 1634 720 1682 est
738 1626 857 1696 amicuS,
872 1625 921 1702 qui
942 1626 968 1683 ei
986 1644 1065 1684 mor·

122 1735 183 1781 tem
217 1724 340 1781 offerret.
393 1742 418 1797 3.
452 1722 518 1797 Ego
546 1733 644 1781 tamen
679 1723 717 1781 ad
751 1725 969 1782 tabernaculum
1003 1725 1065 1782 eius

122 1822 254 1897 perrexi:
276 1821 373 1879 inveni
387 1822 462 1879 duos
477 1821 592 1878 libertos
606 1829 635 1878 et
649 1821 789 1896 pauculos
804 1821 902 1880 servos
910 1841 918 1894 ;
940 1823 1066 1898 reliquos

123 1921 238 1978 aiebant
252 1920 415 1996 profugisse
430 1930 509 1977 metu
523 1919 697 1994 perterritos
713 1919 794 1994 quod
810 1920 946 1978 dominus
965 1939 1067 1978 eorum

124 2029 191 2076 ante
218 2017 436 2076 tabernaculum
464 2017 631 2074 interfectus
662 2027 746 2075 esset.
789 2016 916 2076 Coactus
943 2036 1008 2076 sum
1036 2020 1067 2076 in

124 2116 228 2173 eadem
248 2115 295 2172 illa
314 2115 424 2184 lectica,
440 2132 498 2190 qua
519 2115 581 2190 ipse
603 2115 714 2172 delatus
735 2133 824 2185 eram,
838 2116 968 2190 meisque
988 2117 1067 2174 lecti·

124 2214 207 2271 cariis
232 2214 261 2270 in
283 2213 385 2277 urbem
410 2231 477 2269 eum
499 2213 612 2282 referre,
629 2213 727 2288 ibique
750 2229 805 2290 pro
827 2231 862 2271 ea
884 2212 977 2289 copia,
992 2233 1068 2290 quae

123 2311 248 2368 Athenis
274 2321 342 2380 erat,
367 2310 453 2368 sunus
478 2311 504 2367 ei
526 2310 596 2368 satis
621 2310 750 2385 amplum
774 2310 938 2368 faciendum
963 2314 1068 2371 curavi.

124 2410 174 2466 Ab
203 2409 437 2479 Atheniensibus,
465 2408 562 2466 locum
598 2408 760 2483 sepulturae
793 2408 868 2466 intra
901 2410 1003 2467 urbem
1037 2422 1069 2469 ut

126 2509 237 2576 darent,
259 2508 412 2582 impetrare
433 2524 494 2564 non
515 2505 605 2581 potui,
627 2505 707 2581 quod
727 2502 865 2581 religione
886 2525 917 2565 se
938 2508 1069 2584 impediri

127 2607 270 2675 dicerent;
300 2622 394 2680 neque
416 2614 513 2661 tamen
533 2603 563 2661 id
584 2613 670 2661 antea
691 2604 826 2680 cuiquam
847 2617 1069 2664 concesserant:

126 2705 207 2779 quod
225 2704 391 2778 proximum
409 2702 470 2770 fuit,
487 2701 526 2758 uti
547 2701 577 2757 in
596 2719 656 2776 quo
669 2701 807 2760 vellemus
828 2705 981 2778 gymnasio
1002 2719 1070 2763 eum

127 2803 324 2878 sepeliremus,
340 2802 425 2858 nobis
439 2801 639 2875 permiserunt.
682 2799 747 2858 Nos
761 2802 792 2858 in
810 2802 991 2861 nobilissimo
1007 2805 1071 2862 orbi

126 2912 266 2960 terrarum
292 2900 444 2974 gymnasio
466 2897 643 2956 Academiae
667 2898 765 2955 locum
790 2898 949 2976 delegimus
974 2903 1070 2978 ibique

127 3017 195 3056 eum
217 2997 440 3068 combussimus,
456 3005 616 3080 posteaque
637 2997 808 3066 curavimus
822 3008 853 3055 ut
871 2999 966 3057 eidem
980 3000 1071 3057 Athe-

127 3098 243 3152 nienses
271 3094 301 3151 in
334 3093 438 3152 eodem
468 3093 535 3151 loco
569 3106 792 3152 monumentum
820 3096 846 3153 ei
877 3115 1071 3154 marmoreum

128 3191 294 3249 laciendum
308 3187 457 3249 locarent.⁴
488 3191 540 3260 Ita,
556 3209 630 3266 quae
650 3203 749 3250 nostra
768 3194 862 3251 officia
881 3194 1001 3265 luerunt,
1018 3213 1071 3270 pro

129 3290 254 3363 collegio
276 3301 304 3347 et
317 3307 371 3366 pro
391 3289 606 3364 propinquitate
626 3302 654 3347 et
667 3292 731 3348 vivo
751 3302 779 3349 et
793 3302 908 3349 mortuo
928 3295 1026 3350 omnia
1045 3297 1071 3350 ei

130 3388 333 3463 praestitimus
375 3387 456 3445 Vale.
499 3387 536 3444 D.
552 3406 594 3464 pr.
610 3387 675 3446 Kal.
691 3389 756 3446 lun.
797 3388 928 3448 Athenis
