2356 3810
55 235 186 322 ap.132.]
263 246 374 298 aaran
397 249 446 296 AD
467 248 691 297 rimaranes
712 250 746 301 x.
771 235 800 298 8.
942 251 1004 320 259

54 411 105 459 aut
119 400 269 459 sordidum
280 401 434 477 quicquam
449 400 508 477 pati
523 410 571 458 aut
586 400 783 476 perniciosum
796 402 1003 477 concupiscere

55 498 172 575 potest?
195 506 241 572 ’3.
265 497 323 555 Sed
350 498 530 572 aliquantum
558 497 644 554 nobis
676 497 817 572 temporis
846 507 874 555 et
902 500 1003 573 magni

55 597 171 653 labores
193 600 222 653 et
249 595 356 653 multae
385 595 535 669 impensae
560 611 636 668 opus
659 592 782 665 fuerunt,
804 604 843 665 ut,
867 614 941 672 quae
961 597 1003 652 rei

56 693 190 769 publicae
204 693 347 767 bonisque
367 693 504 749 omnibus
523 692 735 767 polliceremur,
751 693 829 750 exitu
844 703 1003 768 praestare·

56 810 121 848 mus
136 809 232 867 neque
246 791 284 848 ad
297 790 435 848 auxilium
454 791 564 865 patriae
585 789 655 847 nudi
670 808 737 847 cum
753 792 832 848 bona
847 792 1002 862 voluntate,

57 890 109 947 sed
130 907 199 947 curn
225 888 407 946 facultatibus
434 888 647 945 accederemus
692 886 919 947 Confirmandus
944 897 1003 946 erat

57 988 199 1046 exercitus
218 987 312 1058 nobis
326 986 440 1060 magnis
462 1004 549 1061 saepe
568 986 704 1061 praemiis
723 986 899 1056 sollicitatus,
915 997 946 1044 ut
964 988 1002 1043 ab

57 1105 86 1143 re
100 1086 217 1161 publica
231 1085 326 1161 potius
340 1085 491 1141 moderata
505 1101 592 1158 quam
609 1084 646 1140 ab
660 1102 721 1140 uno
735 1085 847 1141 infinita
861 1097 1002 1160 speraret;

57 1183 273 1242 confirmandae
296 1183 460 1257 complures
488 1183 624 1250 civitates
650 1199 725 1256 quae
752 1184 899 1257 superiore
923 1202 1002 1242 anno

57 1281 258 1357 largitionibus
277 1281 573 1354 concessionibusque
601 1279 796 1354 praemiorum
819 1292 901 1337 erant
929 1282 1002 1338 obli-

57 1391 150 1455 gatae,
173 1389 205 1437 ut
233 1388 263 1436 et
290 1378 337 1435 illa
360 1396 435 1434 vana
455 1387 590 1453 putarent
615 1385 644 1434 et
671 1377 774 1434 eadem
797 1396 815 1434 a
837 1364 1015 1436 melioribus
1072 1374 1074 1378 ’

56 1478 223 1536 auctoribus
243 1476 370 1552 petenda
390 1475 586 1532 existimarent
596 1493 604 1546 ;
627 1473 785 1533 eliciendae
800 1476 885 1535 etiarn
901 1477 1002 1535 volun-

56 1589 129 1634 tates
155 1576 339 1651 reliquorum,
361 1573 411 1649 qui
436 1573 564 1630 finitimis
588 1573 743 1648 provinciis
772 1575 1001 1650 exercitibusque

56 1673 253 1752 praefuerunt,
268 1682 299 1729 ut
313 1673 410 1747 potius
430 1689 497 1729 cum
516 1671 645 1746 pluribus
663 1672 830 1730 societatem
845 1673 1002 1732 defenden-

57 1775 112 1831 dae
137 1769 274 1829 libertatis
296 1769 441 1839 iniremus,
457 1786 545 1844 quam
565 1786 633 1825 cum
653 1769 837 1844 paucioribus
856 1770 1002 1829 funestam

57 1871 122 1930 orbi
151 1879 289 1926 terrarum
313 1866 462 1923 victoriam
486 1865 664 1940 partiremur.
707 1885 734 1936 4.
756 1865 909 1925 Muniendi
933 1887 1001 1926 vero

57 1975 175 2026 nosmet
197 1965 254 2041 ipsi
277 1963 385 2022 fuimus
406 1971 493 2020 aucto
516 1963 643 2021 exercitu
670 1963 841 2039 auxiliisque
868 1967 1002 2041 multipli-

57 2066 138 2135 catiS,
163 2074 203 2134 ut,
229 2080 296 2121 cum
312 2043 532 2138 ‘praeferremus
561 2078 664 2118 sensus
695 2072 800 2137 aperte,
826 2072 888 2120 tum
915 2065 1003 2121 etiam

57 2162 154 2220 invitis
168 2159 341 2236 quibusdam
362 2160 435 2228 sciri,
451 2158 520 2234 quid
540 2158 683 2215 defensuri
698 2177 836 2229 essemus
852 2179 911 2218 non
926 2172 1003 2220 esset

57 2257 261 2338 periculosum.
305 2257 350 2314 Ita
374 2274 535 2330 numquam
565 2256 706 2313 diffitebor
727 2257 815 2314 multa
837 2277 893 2330 me,
914 2271 945 2324 ut
964 2259 1002 2316 ad

59 2358 196 2415 eflectum
225 2354 330 2412 horum
359 2354 546 2412 consiliorum
574 2355 762 2430 pervenirem,
792 2366 820 2413 et
851 2357 1001 2415 simulasse

59 2455 181 2511 invitum
209 2465 238 2511 et
263 2453 458 2510 dissimulasse
482 2470 549 2509 curn
573 2451 681 2523 dolore,
706 2454 794 2527 quod,
820 2465 1001 2529 praematura

61 2551 239 2609 denuntiatio
255 2551 325 2607 boni
346 2550 414 2608 civis
428 2549 560 2625 imparati
580 2568 668 2625 quam
688 2551 851 2626 periculosa
865 2563 949 2623 esset,
965 2571 1000 2610 ex

59 2668 131 2708 casu
144 2648 271 2725 collegae
286 2647 427 2705 videbam.
471 2661 497 2721 5.
521 2647 589 2718 Quo
610 2650 728 2706 nomine
742 2648 828 2706 etiam
844 2649 877 2708 C.
892 2651 1000 2708 Furnio

57 2750 163 2823 legat0,
177 2747 237 2803 viro
258 2745 324 2803 forti
346 2754 432 2818 atque
455 2755 580 2816 strenuo,
595 2746 678 2821 plura
699 2748 786 2804 etiam
804 2749 892 2805 verbo
912 2767 1000 2824 quam

57 2845 198 2920 scriptura
218 2843 357 2900 mandata
379 2841 521 2912 dedimus
535 2852 567 2900 ut
589 2852 617 2900 et
639 2844 740 2902 tectius
761 2845 798 2902 ad
819 2863 871 2902 vos
887 2846 1000 2921 perfer-

55 2953 156 3004 rentur
169 2953 198 3001 et
218 2959 273 2999 nos
287 2958 418 2998 essemus
440 2941 567 3010 tutiores,
583 2941 745 3018 quibusque
765 2944 851 3002 rebus
870 2954 899 3001 et
919 2962 999 3002 corn·

54 3059 176 3102 munem
201 3040 322 3097 salutem
346 3038 451 3095 muniri
474 3047 503 3095 et
525 3057 580 3097 nos
605 3043 708 3099 armari
732 3042 894 3100 cenveniret
916 3060 999 3117 prae-

54 3141 196 3216 cepimus.
239 3137 284 3194 Ex
310 3154 368 3212 quo
396 3136 521 3212 intellegi
550 3147 645 3213 potest
672 3158 773 3198 curam
800 3140 840 3197 rei
867 3141 999 3214 publicae

55 3254 170 3295 summe
198 3234 398 3292 defendendae
429 3235 487 3291 iarn
517 3237 629 3310 pridem
658 3239 736 3313 apud
764 3257 819 3296 nos
847 3240 998 3296 excubare.

56 3338 83 3392 6.
107 3334 203 3404 Nunc,
218 3350 285 3389 cum
306 3333 393 3389 deum
411 3333 588 3407 benignitate
605 3337 642 3393 ab
657 3337 738 3393 omni
756 3355 787 3394 re
802 3354 901 3394 sumus
915 3355 999 3412 para-

54 3434 152 3502 tiores,
174 3449 235 3490 non
263 3429 357 3490 solum
377 3429 453 3488 bene
475 3449 589 3508 sperare
611 3433 648 3491 de
669 3433 754 3491 nobis
782 3433 924 3506 homines,
947 3435 998 3493 sed

500 3547 550 3590 sa
