2356 3810
181 223 223 290 32·
448 217 486 268 rr.
513 218 630 266 rurrrr
652 219 841 268 cronnours
890 224 891 227 ¹
1016 206 1088 295 [Pars
1101 224 1121 274 1.

180 375 311 451 Capuam
326 376 364 434 ad
378 375 551 452 Pompeium
564 377 666 436 ‘volare
685 377 863 437 dicebantur.
905 376 1021 437 Inimici
1041 379 1122 438 erant

179 475 331 549 equitibus
347 474 396 548 qui
408 473 526 532 Curioni
541 486 648 534 stantes
664 476 839 552 plauserant,
854 475 952 536 hostes
967 480 1120 551 omnibus;

179 571 305 629 Rosciae
322 571 388 647 legi,
405 572 491 630 etiam
510 571 723 643 frumentariae,
741 558 961 632 minitabantur:
984 593 1056 633 sane
1076 594 1121 634 res

178 680 239 726 erat
259 671 432 745 perturbata.
472 669 617 745 Equidem
637 671 805 740 malueram,
823 672 903 746 quod
923 681 984 730 erat
1004 670 1121 749 suscep·

179 776 240 824 tum
261 768 299 824 ab
319 768 382 837 illis,
404 767 517 826 silentio
538 768 659 837 transiri,
686 768 738 826 sed
757 785 857 826 vereor
879 787 917 827 ne
937 787 999 827 non
1019 770 1121 828 liceat:

179 882 240 920 non
261 864 355 923 serunt
376 865 518 936 homines,
536 866 616 940 quod
632 865 744 923 videtur
760 883 824 924 esse
842 876 940 924 tamen
959 867 1120 926 ferendum.

180 961 238 1020 Sed
258 973 302 1021 est
322 963 378 1020 iam
396 981 455 1020 una
470 981 527 1020 vox
547 963 686 1034 omnium,
701 963 795 1038 magis
816 963 885 1022 odio
902 964 1015 1023 firmata
1033 984 1120 1040 quam

178 1061 330 1135 praesidio.
386 1079 414 1133 4.
442 1060 549 1119 Noster
580 1071 676 1118 autem
711 1061 830 1119 Publius
862 1061 933 1118 mihi
964 1062 1120 1134 minitatur,

177 1158 310 1216 inimicus
331 1169 391 1231 est;
420 1160 569 1235 impendet
589 1160 749 1234 negotium,
777 1159 816 1217 ad
844 1159 924 1234 quod
950 1168 983 1217 tu
1010 1161 1121 1220 scilicet

178 1256 333 1314 advolabis.
377 1256 487 1315 Videor
500 1256 570 1314 mihi
590 1265 722 1314 nostrum
740 1257 819 1314 illum
837 1256 1022 1316 consularem
1037 1264 1121 1317 exerss

177 1355 265 1410 citum
287 1356 432 1413 bonorum
452 1355 592 1420 omnium,
621 1356 708 1413 etiam
736 1356 804 1413 satis
832 1355 986 1426 bonorum,
1010 1355 1120 1416 habere

177 1452 381 1510 firmissimum.
423 1451 580 1526 Pompeius
599 1452 740 1526 significat
758 1452 883 1510 studium
902 1471 972 1528 erga
990 1471 1039 1511 me
1059 1472 1119 1513 non

178 1550 323 1607 mediocre
334 1569 342 1622 ;
364 1549 441 1607 idem
461 1549 592 1620 adfirmat
612 1551 732 1607 verbum
754 1549 791 1607 de
807 1567 855 1608 me
873 1551 953 1608 illum
973 1560 1036 1610 non
1056 1571 1119 1612 esse

177 1647 338 1720 facturum
360 1648 391 1704 in
419 1664 478 1723 quo
507 1665 569 1705 non
594 1665 641 1706 me
666 1648 712 1706 ille
736 1647 814 1717 fallit,
840 1649 891 1706 sed
915 1649 979 1724 ipse
1001 1649 1117 1710 fallitur.

177 1744 325 1803 Cosconio
346 1755 461 1803 mortuo
487 1764 552 1803 sum
572 1746 601 1802 in
621 1746 682 1804 eius
707 1745 805 1803 locum
827 1745 980 1804 invitatus:
1002 1747 1033 1806 id
1059 1759 1119 1807 erat

176 1844 270 1902 vocari
286 1845 316 1901 in
335 1844 432 1903 locum
454 1845 578 1914 mortui;
600 1843 670 1900 nihil
686 1861 734 1900 me
752 1843 862 1919 turpius
884 1844 961 1921 apud
981 1844 1118 1904 homines

176 1941 284 2013 fuisset,
305 1959 400 2016 neque
421 1958 489 1998 vero
508 1941 545 1998 ad
564 1941 649 1998 istam
674 1941 768 2016 ipsam
792 1942 938 2012 ἀσφάλειαν
960 1941 1118 2017 quicquam

176 2039 295 2096 alienius
307 2059 314 2110 ;
337 2048 404 2096 sunt
425 2039 502 2096 enim
523 2038 562 2096 illi
582 2039 659 2113 apud
683 2032 779 2096 bonos
802 2037 942 2108 invidiosi,
964 2055 1021 2113 ego
1039 2039 1118 2116 apud

130 2131 155 2220 ἡ
175 2138 326 2212 improbos
346 2155 442 2194 meam
463 2136 644 2194 retinuissem
668 2136 812 2205 invidiam,
835 2135 957 2193 alienam
978 2136 1117 2212 adsump-

175 2237 286 2293 sissem.
330 2248 357 2308 5.
379 2234 486 2293 Caesar
499 2253 547 2292 me
562 2234 615 2291 sibi
628 2234 688 2291 volt
702 2252 765 2291 esse
779 2234 914 2309 legatum.
956 2232 1119 2292 Honestior

175 2332 326 2390 declinatio
359 2332 431 2390 haec
463 2331 599 2408 periculi;
637 2332 689 2390 sed
716 2349 772 2406 ego
803 2331 859 2389 hoc
892 2349 953 2389 non
984 2333 1116 2408 repudio.

176 2429 256 2500 Quid
291 2447 360 2504 ergo
393 2431 458 2488 est?
494 2429 628 2504 Pugnare
660 2429 747 2486 malo
790 2428 870 2486 Nihil
904 2438 1001 2487 tamen
1037 2431 1116 2488 certi.

175 2529 283 2586 Iterum
303 2528 377 2598 dico,
396 2528 507 2585 utinam
525 2528 660 2586 adesses!
683 2527 734 2584 sed
748 2535 854 2596 tamen,
874 2527 898 2584 si
916 2528 968 2585 erit
986 2545 1117 2598 necesse,

177 2645 363 2685 arcessemus.
393 2625 473 2696 Quid
488 2625 584 2683 aliud?
599 2625 688 2701 quid?
716 2624 786 2702 Hoc
800 2624 919 2699 opinor:
934 2625 1004 2682 certi
1015 2643 1117 2683 sumus

176 2726 283 2800 perisse
304 2724 420 2797 omnia;
443 2724 512 2799 quid
533 2725 611 2782 euim
632 2725 781 2795 ἀκκιζόμεθα
801 2732 861 2780 tam
881 2722 951 2779 diu?
973 2722 1025 2780 sed
1043 2721 1117 2782 haec

177 2824 275 2899 scripsi
300 2841 459 2898 properans
483 2833 512 2881 et
536 2821 699 2880 mehercule
724 2821 831 2879 timide.
877 2820 1003 2879 Posthac
1026 2822 1064 2878 ad
1088 2832 1117 2878 te

175 2932 232 2992 aut,
247 2921 272 2979 si
286 2921 452 2996 perfidelem
473 2920 596 2992 habebo,
613 2920 659 2978 cui
676 2919 752 2990 dem,
770 2919 893 2977 scribam
908 2918 993 2994 plane
1008 2919 1117 2987 omnia,

175 3030 230 3090 aut,
261 3020 285 3077 si
313 3019 435 3077 obscure
464 3020 596 3088 scribam,
624 3028 656 3076 tu
685 3028 784 3075 tamen
812 3016 968 3092 intelleges.
1017 3015 1054 3073 In
1082 3017 1118 3074 iis

175 3117 303 3194 epistolis
327 3135 375 3174 me
400 3116 539 3187 Laelium,
563 3126 592 3174 te
616 3116 734 3173 Furium
759 3115 881 3186 saciam3
913 3123 1008 3172 cetera
1032 3123 1118 3172 erunt

175 3220 202 3272 ἐν
225 3218 355 3290 αἰνιγμοῖς.
397 3214 456 3273 Hic
481 3213 638 3272 Caecilium
654 3214 776 3271 colimus
798 3223 826 3271 et
845 3213 1033 3270 observamus
1053 3211 1117 3268 dili·

175 3326 284 3391 genter.
336 3312 439 3386 Edicta
467 3312 561 3370 Bibuli
590 3312 677 3369 audio
706 3309 743 3369 ad
771 3321 799 3369 te
827 3310 933 3368 missa:
968 3309 1002 3367 iis
1035 3307 1119 3368 ardet

174 3413 275 3472 dolore
297 3421 324 3471 et
345 3412 387 3470 ira
407 3420 505 3469 noster
526 3410 693 3485 Pompeius
