2348 3788
188 656 213 743 f
252 645 319 737 M.
340 644 602 740 TULLII
652 644 1045 758 CICERONIS

665 782 668 789 ι

325 872 636 962 Errsroinr
677 823 979 952 scironia.

518 1020 668 1154 frans
698 1075 755 1140 iv,

407 1246 455 1302 ra.
496 1242 553 1300 An
574 1240 767 1302 arricorn
788 1241 839 1300 xr.
864 1254 891 1316 5.

242 1357 309 1419 Sca.
327 1357 483 1417 'Bnonnrsrr
503 1376 548 1416 m.
570 1357 672 1418 Nonas
693 1357 873 1416 Novrmanss
893 1373 979 1417 amc.
1003 1370 1018 1434 7
1044 1357 1072 1417 6.

339 1448 340 1451 ¹
490 1482 592 1524 cremo
614 1483 721 1524 arrico
742 1482 804 1524 sac.

199 1649 208 1660 μ
225 1597 250 1638 1.
276 1577 365 1650 Quin
389 1594 437 1635 me
462 1595 568 1636 causae
592 1577 744 1648 moverint,
764 1595 854 1654 quam
878 1578 1010 1647 acerbae,
1037 1595 1122 1654 quam

183 1662 294 1754 graves,
309 1694 398 1752 quam
417 1692 520 1745 novae,
536 1676 742 1754 coegerintque
753 1675 867 1751 impetu
887 1675 981 1751 magis
996 1676 1123 1752 quodam

182 1759 271 1849 animi
298 1775 339 1832 uti
368 1792 457 1850 quam
484 1773 671 1850 cogitatione,
699 1791 760 1832 non
787 1790 909 1849 possum
938 1772 978 1831 ad
1004 1783 1035 1832 te
1065 1774 1123 1832 sine

181 1873 312 1932 maximo
335 1872 436 1931 dolore
458 1873 603 1944 scribere;
627 1871 744 1930 fuerunt
766 1870 883 1947 quidem
907 1880 1014 1942 tantae,
1031 1881 1066 1934 ut
1089 1871 1123 1942 id,

184 1971 265 2048 quod
279 1970 368 2042 vides,
383 1970 540 2053 effecerint.
583 1969 686 2046 Itaque
700 1987 755 2027 nec
770 1967 839 2045 quid
854 1967 891 2026 ad
905 1977 933 2025 te
948 1968 1077 2027 scribam
1092 1970 1125 2027 de

184 2070 257 2127 meis
274 2069 360 2126 rebus
380 2086 434 2126 nec
453 2067 523 2144 quid
542 2085 560 2124 a
577 2076 606 2125 te
619 2076 727 2143 petam,
741 2067 863 2142 reperio.
905 2064 983 2125 Rem
1001 2075 1031 2124 et
1050 2085 1126 2125 sum·

185 2186 264 2225 marn
284 2167 393 2244 negotii
407 2166 497 2224 vides.
536 2163 685 2241 Equidem
706 2183 743 2223 ex
761 2164 817 2222 tuis
837 2163 934 2222 litteris
953 2164 1083 2223 intellexi
1101 2173 1126 2223 et

184 2265 226 2334 iis,
242 2283 315 2340 quas
336 2264 529 2323 communiter
548 2281 616 2321 cum
635 2261 697 2320 aliis
716 2261 863 2338 scripsisti,
877 2271 905 2320 et
923 2261 966 2334 iis,
983 2280 1059 2337 quas
1078 2274 1126 2322 tuo

184 2364 312 2432 nomine,
334 2361 413 2437 quod
436 2361 524 2418 etiam
547 2379 615 2419 mea
637 2369 742 2436 sponte
763 2359 905 2429 videbam,
927 2367 956 2417 te
978 2360 1076 2418 subita
1098 2378 1126 2420 re

185 2460 269 2534 quasi
283 2459 462 2516 debilitatum
476 2476 567 2516 novas
581 2459 706 2520 rationes
725 2457 825 2516 tuendi
839 2458 897 2514 mei
911 2475 1057 2533 quaerere.
1103 2477 1126 2516 a.

186 2555 277 2627 Quod
306 2542 411 2615 scribis
430 2556 553 2631 placere,
576 2565 608 2613 ut
632 2555 752 2630 propius
779 2555 918 2614 accedam
943 2556 1054 2630 iterque
1078 2574 1127 2632 per

186 2653 295 2729 oppida
310 2663 398 2711 noctu
412 2652 526 2724 faciam,
540 2670 602 2710 non
617 2670 686 2710 sane
700 2651 793 2723 video,
809 2670 896 2728 quem
911 2653 949 2710 ad
962 2653 1087 2711 modum
1100 2653 1127 2710 id

187 2752 248 2809 fieri
262 2752 369 2827 possit3
392 2770 487 2827 neque
503 2752 581 2809 enim
595 2752 635 2809 ita
649 2760 715 2827 apta
729 2750 824 2809 habeo
839 2751 1009 2822 deversoria,
1023 2761 1055 2809 ut
1070 2763 1128 2810 tota

187 2859 320 2925 tempora
341 2850 443 2908 diurna
464 2851 494 2908 in
519 2849 554 2907 iis
573 2849 685 2926 possim
710 2867 889 2919 consumere,
910 2867 1005 2924 neque
1030 2850 1069 2907 ad
1091 2849 1127 2918 id,

188 2948 269 3024 quod
293 2947 415 3022 quaeris,
438 2947 561 3005 muitum
585 2949 712 3017 interest,
737 2957 833 3004 utrum
860 2965 908 3003 me
936 2946 1071 3006 homines
1099 2947 1128 3005 in

189 3045 299 3122 oppido
318 3043 434 3103 videant
455 3063 493 3102 an
513 3045 542 3101 in
560 3045 613 3103 via.
657 3043 715 3102 Sed
738 3054 836 3102 tamen
858 3045 915 3102 hoc
937 3045 1042 3120 ipsum,
1058 3045 1130 3103 sicut

190 3146 254 3214 alia,
277 3143 468 3202 considerabo
494 3161 583 3218 quem
607 3141 787 3201 admodum
810 3142 1046 3200 commodissime
1070 3144 1130 3201 fieri

190 3261 279 3318 posse
293 3241 429 3299 videatur.
472 3259 499 3314 3.
521 3239 587 3315 Ego
602 3249 721 3316 propter
734 3240 932 3298 incredibilem
951 3250 979 3299 et
997 3241 1086 3298 animi
1102 3250 1130 3299 et

190 3341 321 3416 corporis
336 3338 495 3398 mc¹esti0¹n
513 3338 655 3396 conficere
670 3337 765 3399 oinrm
780 3337 881 3395 'ibera‘
907 3356 962 3396 ron
977 3338 1074 3414 potui5
1096 3339 1130 3397 iis
