2348 3788
176 231 237 279 ara
381 264 383 273 .
453 224 493 277 Μ.
517 226 637 274 rurrrr
658 228 848 276 crcrnours
999 217 1117 300 [amir.

173 377 280 435 faceret
294 386 322 435 et
336 394 424 453 quam
439 395 524 436 suum
537 378 625 436 talem
640 397 710 454 erga
728 397 777 437 me
796 379 927 437 animum
941 377 993 436 tibi
1008 389 1118 456 gratum

173 484 285 550 putaret
299 474 360 532 fore
371 493 379 545 ;
402 476 482 533 cuius
503 477 599 534 officia
616 477 786 535 iucundiora
808 477 917 535 scilicet
938 494 1029 552 saepe
1051 479 1119 535 milri

174 572 296 642 fuerunt,
308 591 467 648 numquam
481 583 579 631 tamen
594 576 725 650 gratiora.
770 573 822 632 Me
836 585 936 632 autem
950 592 1015 633 uon
1029 576 1118 633 oratio

174 682 223 728 tua
244 670 347 728 solum·
359 680 388 727 et
407 671 530 728 societas
545 690 639 746 paene
657 672 853 747 aegritudinis,
868 671 921 730 sed
941 673 1033 730 etiam
1054 691 1118 731 auc·

175 768 275 828 toritas
303 767 487 839 consolatur;
516 779 600 844 turpe
625 771 703 828 enim
731 787 796 828 esse
824 770 960 828 existimo
988 788 1038 828 me
1062 788 1120 827 non

175 867 215 923 ita
238 866 311 923 ferre
340 885 440 924 casum
469 886 576 938 meum,
601 878 633 926 ut
659 879 698 939 tu,
723 869 772 927 tali
797 869 940 944 sapientia
963 870 1119 944 praeditus,

175 963 327 1021 ferendum
347 974 439 1038 putas.
484 963 543 1022 Sed
565 966 716 1041 opprimor
736 966 881 1024 interdum
901 976 931 1024 et
951 966 1000 1024 vix
1021 968 1122 1025 resisto

176 1061 275 1130 dolori,
290 1062 370 1136 quod
385 1080 420 1120 ea
434 1079 481 1119 me
497 1062 604 1120 solacia
619 1062 763 1135 deficiunt,
779 1081 853 1138 quae
870 1063 982 1132 ceteris,
998 1082 1120 1141 quorum

175 1158 246 1214 mihi
267 1158 401 1233 exempla
421 1178 564 1234 propono,
585 1160 670 1218 simili
690 1160 720 1217 in
741 1159 856 1218 fortuna
877 1178 939 1218 non
960 1161 1119 1219 defuerunt.

176 1255 254 1312 Nam
269 1265 297 1312 et
312 1254 349 1326 Q.
362 1255 518 1326 Maximus,
529 1257 579 1332 qui
595 1257 684 1314 filium
699 1257 889 1327 consularem,
902 1257 1017 1316 clarum
1032 1261 1120 1316 virum

118 1411 119 1414 ,
176 1364 204 1411 et
227 1355 341 1428 magnis
365 1355 451 1412 rebus
479 1355 575 1430 gestiS,
601 1355 703 1425 amisit,
729 1363 758 1412 et
782 1354 816 1412 L.
841 1355 957 1426 Paulus,
984 1356 1036 1432 qui
1064 1358 1121 1415 duo

176 1463 289 1526 septem
310 1453 421 1522 diebus,
439 1462 468 1510 et
488 1461 582 1510 vester
603 1451 704 1512 Gallus
725 1462 753 1511 et
774 1451 816 1510 M.
833 1451 916 1524 Cato,
932 1453 984 1529 qui
1005 1473 1120 1512 summo

176 1551 303 1624 ingentu,
329 1567 443 1606 summa
469 1551 573 1608 virtute
601 1551 690 1609 filium
718 1551 850 1627 perdidit,
878 1552 912 1610 iis
941 1554 1120 1628 temporibus

176 1648 298 1717 fuerunt,
320 1657 352 1704 ut
372 1666 473 1705 eorum
494 1648 603 1706 luctum
624 1649 754 1724 ipsorum
776 1649 900 1724 dignitas
921 1651 1121 1709 consolaretur

176 1764 219 1814 ea,
235 1763 324 1821 quam
344 1763 380 1802 ex
397 1747 559 1820 republica
576 1749 837 1822 consequebantur.
882 1766 907 1805 a.
930 1746 1007 1806 Mihi
1027 1760 1120 1808 autem

176 1844 289 1901 amissis
311 1845 488 1902 ornamentis
510 1845 552 1914 iis,
574 1863 649 1920 quae
669 1846 733 1920 ipse
753 1863 967 1904 commemoras
989 1866 1122 1924 quaeque

177 1959 256 2000 eram
284 1942 417 1999 maximis
442 1941 589 2001 laboribus
614 1943 745 2019 adeptus,
770 1962 864 2001 unum
890 1946 1031 2003 manebat
1055 1947 1121 2003 illud

176 2040 326 2110 solacium,
351 2039 431 2115 quod
455 2051 587 2116 ereptum
610 2050 662 2099 est.
704 2041 774 2099 Non
802 2043 962 2100 amicorum
986 2046 1120 2120 negotiis,

177 2157 238 2196 non
257 2139 297 2196 rei
312 2137 443 2213 publicae
457 2140 660 2214 procuratione
679 2139 910 2215 impediebantur
929 2142 1120 2216 cogitationes

177 2254 276 2308 meae;
299 2237 368 2293 nihil
388 2237 419 2293 in
439 2236 502 2295 foro
524 2256 610 2312 agere
632 2237 756 2309 libebat;
778 2239 908 2314 aspicere
929 2239 1040 2298 curiam
1061 2259 1121 2299 non

177 2345 327 2409 poteram;
353 2335 562 2406 existimabam,
578 2337 606 2395 id
622 2336 702 2412 quod
716 2346 784 2406 erat,
799 2355 903 2395 omnes
916 2355 964 2395 me
978 2347 1008 2396 et
1022 2339 1120 2397 indus-

176 2433 247 2489 triae
274 2450 357 2490 meae
385 2432 494 2491 fructus
522 2443 550 2491 et
578 2434 709 2492 fortunae
737 2435 905 2510 perdidisse.
957 2434 1026 2507 Sed,
1054 2455 1121 2495 cum

178 2530 335 2604 cogitarem
349 2529 421 2588 haec
437 2531 508 2588 mihi
524 2541 620 2588 tecum
640 2542 748 2590 etcum
763 2533 937 2608 quibusdam
956 2551 1020 2591 esse
1040 2553 1120 2594 com·

177 2629 284 2697 munia,
306 2637 335 2685 et
358 2645 426 2686 cum
447 2628 612 2704 frangerem
635 2631 693 2687 iam
717 2631 780 2706 ipse
801 2649 849 2688 me
870 2637 897 2688 et
914 2649 1053 2706 cogerem
1076 2634 1121 2690 illa

178 2725 250 2782 ferre
271 2726 433 2796 toleranter,
448 2726 592 2786 habebam
607 2747 666 2804 quo
684 2729 883 2804 confugerem,
897 2730 947 2787 ubi
965 2732 1121 2807 conquies-

178 2841 283 2892 cerem,
315 2824 396 2882 cuius
430 2826 462 2883 iu
498 2844 631 2884 sermone
665 2836 694 2885 et
728 2828 865 2886 suavitate
900 2845 1003 2886 omnes
1039 2836 1126 2888 curas'

179 2924 353 2997 doloresque
388 2923 583 3000 deponerem:
618 2943 696 2982 nunc
731 2935 827 2983 autem
857 2925 915 2984 hoc
948 2935 1008 2984 tam
1042 2929 1122 3002 gravi

178 3023 296 3080 volnere
321 3020 408 3078 etiam
432 3023 488 3092 illa,
514 3041 589 3098 quae
614 3024 803 3082 consanuisse
827 3024 1004 3096 videbantur,
1024 3045 1122 3084 recru-

180 3121 318 3191 descunt;
347 3137 409 3178 non
432 3121 518 3190 enim,
541 3130 573 3177 ut
597 3130 660 3178 tum
684 3139 731 3179 me
753 3140 771 3179 a
791 3141 822 3179 re
842 3123 957 3197 publica
977 3134 1122 3182 maestum

180 3219 284 3277 domus
305 3216 475 3292 excipiebat,
490 3236 565 3294 quae
585 3218 699 3288 levaret,
717 3219 758 3278 sic
779 3238 858 3278 nunc
879 3220 967 3279 domo
988 3240 1122 3281 maerens

180 3317 301 3375 adrem
325 3315 471 3390 publicam
499 3316 657 3392 confugere
681 3335 811 3393 possum,
835 3327 867 3376 ut
894 3319 925 3376 in
952 3319 1013 3377 eius
1036 3321 1122 3379 bonis

180 3415 372 3491 acquiescam.
414 3413 516 3492 Itaque
536 3425 565 3474 et
585 3415 675 3466 domo
697 3417 798 3466 absum
821 3426 849 3475 et
869 3416 942 3490 foro,
965 3419 1046 3496 quod
1066 3439 1122 3480 nec
