2348 3788
116 218 181 286 274
386 215 424 268 nr.
450 216 570 266 rurrrr
590 216 780 266 crcrrorrrr
946 201 1013 288 [Pars
1026 217 1054 266 v.

116 369 170 427 sibi
188 386 255 427 cum
269 367 311 428 M.
327 367 440 444 Lepido
460 368 622 428 convenire.
663 367 878 427 succlamatum
899 375 945 425 est
964 367 991 425 ei
1005 367 1056 425 fre·

116 477 236 542 quenter
256 485 275 524 a
294 466 430 524 militibus
449 465 741 525 Ventidianis-nam
768 482 838 524 suos
851 464 946 522 ‘valde
970 482 1056 540 quam

116 582 227 640 paucos
250 563 386 635 habet-‚
407 563 462 621 sibi
485 573 535 622 aut
558 565 589 622 in
607 564 690 623 Italia
714 563 894 640 pereundum
919 579 986 619 esse
1011 572 1057 618 aut

116 660 308 731 vincendum;
330 669 359 718 et
379 677 461 717 orare
483 670 649 736 coeperunt,
663 669 696 718 ut
716 659 888 718 Pollentiam
909 658 965 716 iter
984 657 1057 715 face-

116 767 188 814 rent.
230 755 306 814 Cum
328 757 467 814 sustinere
487 774 540 814 eos
560 775 622 815 non
642 767 751 832 posset,
766 757 962 831 inposterum
984 755 1057 813 diem

117 855 169 912 iter
184 872 268 912 suum
282 853 411 912 contulit.
453 871 481 925 4.
503 853 571 912 Hac
584 872 616 912 re
629 855 700 911 mihi
714 854 845 912 nuntiata
863 853 962 911 statim
976 854 1057 929 quin-

117 972 173 1028 que
193 951 327 1009 cohortes
341 951 514 1009 Pollentiam
532 951 668 1028 praemisi
689 969 845 1026 meumque
862 951 916 1008 iter
934 969 972 1009 eo
991 969 1058 1008 con-

117 1050 185 1107 tuli:
207 1048 279 1106 hora
299 1057 365 1106 ante
386 1048 560 1123 praesidium
581 1065 679 1104 meum
693 1047 864 1105 Pollentiam
877 1047 957 1105 venit
973 1064 1058 1122 quam

119 1147 278 1204 Trebellius
300 1165 367 1204 cum
388 1145 540 1222 equitibus.
563 1202 564 1207 ,
584 1144 660 1204 Sane
681 1163 770 1221 quam
791 1163 856 1203 sum
876 1146 1010 1222 gavisus;
1031 1145 1058 1200 in

118 1245 175 1303 hoc
196 1245 273 1302 enim
290 1243 438 1302 victoriam
459 1253 530 1319 puto
552 1245 717 1302 consistere.
758 1243 794 1301 In
816 1261 900 1319 spem
914 1252 1059 1312 venerant,

119 1343 198 1418 quod
213 1359 307 1418 neque
322 1341 420 1399 Planci
435 1350 568 1417 quattuor
581 1341 712 1417 legiones
731 1342 869 1400 omnibus
888 1342 950 1399 suis
971 1342 1060 1418 copiis

118 1457 203 1516 pares
217 1439 426 1519 arbitrabantur
437 1457 532 1514 neque
546 1457 583 1496 ex
595 1439 676 1497 Italia
689 1447 751 1497 tam
765 1439 893 1498 celeriter
904 1440 1060 1497 exercitum

119 1537 208 1596 traiici
222 1553 309 1611 posse
324 1535 486 1592 credebant.
531 1533 615 1606 Quos
626 1536 681 1612 ipsi
696 1535 790 1594 adhuc
804 1537 872 1594 satis
887 1537 1061 1611 adroganter

120 1635 295 1708 Allobroges
316 1633 517 1708 equitatusque
538 1634 643 1703 omnis,
659 1634 708 1710 qui
724 1651 760 1692 eo
775 1633 951 1710 praemissus
971 1642 1061 1690 erata

120 1732 213 1801 nobis
238 1728 426 1801 sustinebant,
451 1738 612 1805 nostroque
639 1731 765 1788 adventu
791 1731 925 1788 sustineri
953 1730 1061 1788 facilius

121 1847 208 1906 posse
229 1828 409 1886 confidimus.
450 1827 575 1897 Tamen,
589 1827 613 1884 si
628 1845 687 1902 quo
708 1829 794 1886 etiarn
814 1847 885 1886 casu
898 1827 1012 1887 Isaram
1033 1845 1061 1886 se

121 1927 290 1995 traiecerint,
305 1944 342 1983 ne
359 1925 440 2002 quod
461 1925 664 1983 detrimentum
685 1927 725 1982 rei
747 1925 880 2002 publicae
893 1925 1061 2002 iniungant,

56 2081 58 2086 .
123 2044 236 2084 summa
250 2025 366 2082 anobis
381 2024 494 2081 dabitur
506 2041 603 2098 opera.
647 2036 673 2096 5.
695 2022 759 2080 Vos
774 2041 915 2098 magnum
933 2025 1062 2098 animum

123 2125 321 2200 optimamque
343 2140 425 2196 spem
444 2121 480 2178 de
502 2139 614 2179 summa
628 2139 658 2177 re
673 2121 788 2196 publica
801 2120 907 2178 habere
922 2121 1062 2191 volumus,

124 2241 191 2280 cum
221 2231 250 2278 et
277 2238 332 2278 nos
360 2230 388 2277 et
416 2219 558 2276 exercitus
592 2227 708 2275 nostros
743 2217 879 2292 singulari
907 2205 1064 2276 concordia

126 2322 295 2378 coniunctos
321 2318 361 2375 'ad
388 2319 488 2374 omnia
511 2333 564 2391 pro
587 2316 668 2373 vobis
690 2315 810 2373 videatis
837 2324 963 2390 paratos.
1008 2316 1064 2376 Sed

124 2429 221 2476 tamen
238 2416 306 2473 nihil
325 2415 362 2472 de
384 2414 529 2489 diligentia
549 2412 691 2470 remittere
712 2412 822 2469 debetis
844 2412 971 2488 dareque
995 2432 1063 2490 ope·

123 2534 194 2584 ram,
209 2526 240 2571 ut
254 2531 342 2589 quam
356 2510 528 2587 paratissimi
543 2519 571 2566 et
584 2510 621 2566 ab
639 2509 765 2566 exercitu
784 2509 969 2584 reliquisque
979 2512 1065 2568 rebus

122 2629 176 2689 pro
195 2622 290 2668 vestra
311 2609 401 2667 salute
423 2617 523 2666 contra
544 2605 793 2664 sceleratissimam
817 2607 1064 2681 conspirationem

123 2709 249 2768 hostium
274 2707 465 2782 confligamus
477 2723 484 2775 ;
506 2703 555 2779 qui
576 2703 694 2778 quidem
716 2721 766 2761 eas
790 2705 899 2778 copias,
922 2723 996 2780 quas
1019 2706 1065 2764 diu

123 2807 304 2866 simulatione
327 2806 369 2862 rei
391 2805 524 2880 publicae
545 2803 762 2878 comparabant,
781 2802 876 2860 subito
897 2802 936 2860 ad
957 2805 1065 2880 patriae

124 2904 282 2983 periculum
297 2911 504 2961 converterunt.
1046 2919 1048 2922 ·
