2356 3810
92 225 134 288 ep.
152 209 205 296 ιι]
318 223 429 276 sarar.
451 222 499 270 Ab
521 221 684 270 nrrmurr
705 224 750 274 rr.v
773 210 823 275 18.
991 224 1032 289 29

91 398 148 454 ego
173 397 211 437 ne
235 379 305 438 illud
330 377 448 456 quidem
472 386 667 447 contemnam,
692 375 772 454 quod
795 386 956 434 extremum
981 385 1032 432 est.

91 479 138 535 Te
157 479 188 535 in
206 478 338 552 Arpinati
356 477 516 536 videbimus
535 486 563 534 et
581 474 707 550 hospitio
726 475 830 551 agresti
850 474 1033 549 accipiemus,

91 576 231 652 quoniam
246 576 430 634 maritumum
443 574 501 632 hoc
515 573 721 648 contempsisti.
822 630 824 637 ,

312 745 358 800 11.
401 739 460 799 AD
483 739 676 798 ATTICUM
697 739 737 797 11.
762 741 807 800 18.

259 852 328 913 Sca.
351 854 462 914 Roman
476 872 570 912 nausa
583 854 669 914 quro
690 872 775 914 nuc.
797 856 865 928 695.

408 979 511 1020 crcrrro
532 979 638 1020 nrmco
659 979 720 1018 sni.

138 1074 295 1134 1.Acc1u>1
322 1075 430 1150 aliquot
454 1073 590 1149 epistolas
614 1083 686 1146 tuas,
712 1093 748 1132 ex
772 1074 875 1150 quibus
899 1072 1036 1142 intellexi,—

94 1191 184 1249 quarn
203 1191 345 1248 suspenso
364 1173 463 1230 animo
478 1182 507 1230 et
520 1172 641 1230 sollicito
660 1173 732 1230 scire
750 1189 857 1241 avereS,
872 1171 941 1245 quid
960 1181 1037 1230 esset

95 1271 179 1329 novi:
200 1279 332 1328 tenemur
344 1271 482 1345 undique,
496 1286 592 1344 neque
610 1270 668 1326 iam
687 1287 746 1345 quo
764 1269 861 1326 minus
881 1269 1036 1327 serviamus

95 1386 271 1438 recusamus
291 1367 343 1425 sed
361 1377 486 1427 mortem
500 1375 528 1423 et
541 1366 713 1425 eiectionem
732 1366 814 1442 quasi
827 1367 938 1424 maiora
956 1367 1037 1424 time-

96 1484 171 1536 mus,
191 1483 266 1540 quae
286 1464 377 1522 multo
397 1473 463 1522 sunt
481 1462 613 1535 minora;
641 1474 727 1539 atque
747 1463 794 1521 hic
813 1469 853 1520 est
871 1474 970 1534 status,
988 1465 1038 1539 qui

97 1581 157 1622 una
170 1581 242 1621 voce
256 1563 387 1620 omniurn
405 1560 530 1637 gemitur
548 1578 643 1636 neque
657 1562 745 1619 verbo
761 1562 930 1636 cuiusquam
945 1562 1038 1618 suble-

98 1672 197 1719 vatur:
230 1663 326 1717 σκοπὸς
347 1669 398 1729 est,
420 1666 452 1715 ut
479 1658 619 1732 suspicor,
641 1659 703 1728 illis,
725 1658 775 1733 qui
803 1667 909 1728 tenent,
931 1659 1039 1715 nullam

100 1762 235 1836 cuiquam
248 1758 430 1835 largitionem
448 1755 636 1831 relinquere..
660 1756 744 1814 Unus
763 1756 887 1831 loquitur
901 1767 930 1814 et
943 1757 1040 1832 palam
1127 1741 1130 1749 ’

100 1843 267 1915 adversatur
303 1855 472 1912 adulescens
510 1852 614 1927 Curio:
656 1854 722 1912 huic
760 1854 878 1929 plausus
912 1855 1039 1922 maximi,

102 1953 292 2012 consalutatio
311 1951 434 2009 forensis
453 1949 672 2026 perhonorifica,
688 1953 771 2027 signa
787 1961 935 2027 praeterea
953 1953 1040 2011 bene·
1114 1998 1117 2002 .

101 2051 242 2110 volentiae
261 2049 403 2125 permulta
421 2066 439 2106 a
457 2049 542 2107 bonis
561 2050 776 2130 impertiuntur;
800 2034 915 2106 Fufium
934 2050 1041 2108 clamo-

102 2151 181 2207 ribus
202 2158 231 2206 et
252 2148 382 2206 convitiis
404 2155 432 2203 et
453 2145 542 2204 sibilis
563 2134 774 2205 consectantur.
816 2145 872 2204 His
896 2165 932 2205 ex
956 2141 1044 2205 rebus

102 2265 164 2304 non
195 2263 271 2320 spes,
298 2245 351 2302 sed
378 2243 461 2302 dolor
492 2252 536 2302 est
567 2244 668 2314 maior,
702 2262 769 2302 cum
796 2243 892 2301 videas
925 2245 1044 2302 civitatis

103 2343 280 2400 voluntatem
302 2341 433 2409 solutam,
455 2339 588 2397 virtutem
609 2341 762 2416 alligatam.
806 2359 831 2398 2.
847 2342 892 2400 Ac
913 2361 950 2400 ne
970 2342 1044 2400 forte

104 2456 225 2514 quaeras
238 2441 300 2494 κατὰ
313 2442 407 2496 λεπτὸν
426 2440 462 2498 de
481 2439 600 2513 singulis
619 2441 713 2510 rebus,
731 2437 864 2498 universa
882 2458 927 2497 res
946 2458 982 2498 eo
1002 2450 1045 2497 est

106 2537 238 2607 deducta,
257 2554 323 2611 spes
342 2545 373 2593 ut
392 2537 470 2594 nulla
489 2537 525 2594 sit
544 2537 699 2612 aliquando
719 2556 780 2596 non
801 2537 891 2594 modo
910 2538 1044 2612 privatos,

104 2652 205 2692 verum
229 2633 315 2690 etiam
342 2634 526 2709 magistratus
552 2633 657 2692 liberos
684 2635 754 2694 fore.
797 2636 864 2693 Hac
890 2645 988 2692 tamen
1016 2635 1046 2692 in

105 2731 296 2808 oppressione
315 2749 411 2789 sermo
425 2732 455 2788 in
469 2731 581 2789 circulis
600 2733 749 2791 dumtaxat
763 2734 834 2791 etin
849 2733 984 2791 conviviis
1003 2742 1047 2790 est

106 2830 230 2901 liberior,
245 2847 333 2905 quam
347 2829 400 2888 fuit
408 2849 416 2902 ;
437 2830 552 2888 vincere
566 2830 665 2906 incipit
679 2833 812 2890 timorem
826 2831 917 2901 dolor,
932 2832 985 2889 sed
998 2832 1046 2900 ita,

107 2938 140 2988 ut
166 2927 267 2986 omnia
295 2927 351 2985 sint
374 2927 542 3003 plenissima
573 2928 788 3004 desperationis.
831 2929 929 2987 Habet
961 2930 1048 2988 etiam

107 3027 262 3101 Campana
279 3025 326 3083 lex
345 3025 572 3083 exsecrationem
585 3027 616 3083 in
630 3027 765 3085 contione
783 3027 1008 3096 candidatorum,
1024 3027 1048 3088 si

108 3108 288 3205 mentionem
307 3122 434 3193 fecerint,
453 3141 512 3199 qua
530 3123 609 3181 aliter
627 3142 696 3200 ager
714 3125 894 3200 possideatur
913 3134 998 3200 atque
1017 3135 1049 3182 ut

109 3241 145 3280 ex
164 3221 276 3296 legibus
294 3220 390 3279 Iuliis:
415 3239 477 3279 non
496 3221 626 3279 dubitant
644 3223 736 3280 iurare
757 3223 842 3280 ceteri
851 3241 860 3294 ;
885 3221 1049 3280 Laterensis

108 3319 287 3378 existimatur
318 3318 394 3376 laute
427 3317 537 3387 fecisse,
567 3319 647 3393 quod
678 3320 854 3376 tribunatum
881 3318 918 3392 pl.
952 3328 1051 3393 petere

109 3416 226 3488 destitit,
240 3433 277 3474 ne
292 3415 405 3477 iuraret.
448 3434 474 3491 3.
499 3415 557 3494 Sed
571 3417 607 3475 de
625 3434 656 3474 re
672 3417 791 3492 publica
809 3434 870 3474 non
888 3417 956 3474 libet
970 3416 1052 3492 plura
