2348 3788
118 211 176 276 188
387 227 426 277 M.
452 227 571 275 ruaarr
593 229 781 277 orcnrrortrs
926 215 1000 300 [Pars
1014 231 1054 280 ru.

114 386 217 437 terunt.
261 376 320 436 Sed
343 376 414 435 nihil
441 378 536 436 minus
564 378 625 436 fero
654 396 743 453 quam
771 377 953 436 severitatem
982 379 1054 437 otio·

117 480 216 532 sorum
234 485 271 545 et,
287 492 406 550 quoquo
426 475 516 534 modo
536 493 567 533 se
587 494 633 533 res
651 461 748 544 habet,
763 476 857 551 magis
872 474 936 534 illos
951 494 1056 547 vereor,

117 574 166 646 qui
181 573 211 629 in
224 573 301 633 bello
315 571 491 645 occiderunt,
507 591 596 649 quarn
614 573 669 631 hos
689 591 769 644 curo,
785 573 889 648 quibus
908 591 970 631 non
991 573 1056 630 satis

116 670 245 739 facimus
261 669 328 746 quia
342 669 470 728 vivimus.
515 689 541 744 3.
563 669 637 728 Mihi
656 672 680 728 si
697 670 823 746 spatium
836 669 921 727 fuerit
935 671 965 727 in
981 669 1056 727 Tus·

68 789 73 800 ¹
115 767 252 824 culanum
266 777 333 836 ante
352 765 455 824 Nonas
474 767 617 837 veniendi,
632 769 695 825 istic
714 776 742 825 te
762 767 884 840 videbo;
907 767 932 824 si
951 767 1056 830 minus,

115 881 273 939 persequar
294 864 324 921 in
345 863 512 923 Cumanum
533 874 562 923 et
582 876 649 923 ante
670 875 697 922 te
719 865 871 924 certiorem
891 864 1007 936 faciam,
1027 872 1057 920 ut

117 961 219 1018 lavatio
240 971 340 1037 parata
359 962 403 1022 sit.

310 1122 357 1177 87.
398 1117 456 1176 AD
477 1117 728 1177 FAMILIARES
749 1118 802 1178 IX.
825 1119 871 1178 18.

118 1231 184 1295 Son.
203 1250 235 1292 m
255 1232 432 1293 Tuscurano
453 1250 587 1292 rmunra
608 1251 702 1292 nausa
723 1231 864 1303 Qumrnr
884 1250 969 1294 nnc.
992 1235 1057 1309 708.

435 1357 537 1399 crcnno
556 1357 579 1398 s.
593 1357 621 1398 n.
637 1356 739 1398 claro.

162 1471 187 1513 r.
210 1451 278 1512 Con
299 1471 394 1512 essem
415 1453 525 1512 otiosus
549 1453 578 1510 in
599 1453 778 1524 Tusculano,
798 1461 955 1528 propterea
978 1453 1058 1529 quod

118 1552 274 1626 discipulos
295 1552 410 1610 obviam
429 1551 573 1620 miseram,
588 1561 619 1608 ut
638 1552 741 1609 eadem
759 1568 807 1608 me
824 1568 912 1626 quam
931 1552 1058 1609 maxime

119 1649 304 1708 conciliarent
323 1648 452 1706 familiari
473 1666 534 1718 suo,
550 1650 650 1725 accepi
668 1659 733 1707 tuas
751 1649 857 1706 litteras
876 1648 1058 1723 plenissimas

120 1747 271 1817 suavitatis
281 1764 319 1805 ex
330 1747 434 1822 quibus
448 1745 573 1804 intellexi
586 1747 703 1822 probari
717 1747 768 1804 tibi
782 1764 880 1805 meum
895 1747 1059 1818 consilium,

120 1844 208 1920 quod,
223 1853 255 1902 ut
264 1843 427 1919 'Dionysius
442 1853 588 1918 tyrannus,
603 1862 670 1903 cum
686 1842 833 1920 Syracusis
852 1843 953 1918 pulsus
973 1854 1059 1912 esset,

122 1943 253 2003 Corinthi
268 1944 369 2002 dicitur
384 1943 483 2000 ludum
495 1943 648 2017 aperuisse,
662 1943 703 2000 sic
717 1959 773 2016 ego
787 1937 919 2020 [sublatis
934 1937 1059 2020 iudiciis]

121 2043 228 2099 amisso
249 2059 341 2116 regno
363 2040 471 2098 forensi
491 2040 592 2098 ludum
607 2041 688 2114 quasi
707 2038 814 2097 habere
833 2040 989 2114 coeperim.
1036 2060 1060 2100 α.

19 2195 21 2197 ,
121 2140 200 2212 Quid
215 2141 348 2217 quaeris?
367 2159 415 2197 me
426 2157 543 2215 quoque
559 2139 681 2198 delectat
695 2139 847 2197 consilium
855 2157 863 2211 ;
878 2138 969 2196 multa
982 2139 1062 2197 enim

121 2257 302 2315 consequor:
331 2240 464 2314 primum,
489 2238 518 2296 id
543 2237 623 2313 quod
651 2237 777 2295 maxime
805 2254 884 2294 nunc
908 2253 983 2311 opus
1009 2248 1060 2308 est,

121 2338 221 2395 munio
237 2355 284 2394 me
299 2336 336 2393 ad
354 2336 425 2394 haec
445 2344 586 2411 tempora.
627 2333 664 2392 Id
682 2335 763 2392 cuius
784 2334 864 2392 modi
883 2334 926 2404 sit,
943 2335 1061 2405 nescio;

120 2447 233 2494 tanturn
257 2435 351 2505 video,
372 2433 477 2490 nullius
505 2431 600 2490 adhuc
628 2426 782 2490 consilium
810 2449 858 2488 me
885 2430 953 2488 huic
981 2442 1062 2489 ante-

122 2551 240 2608 ponere,
255 2531 310 2588 nisi
324 2529 397 2588 forte
416 2530 490 2586 mori
510 2529 613 2587 melius
632 2528 700 2587 fuit:
723 2529 753 2585 in
767 2528 881 2599 lectulo,
895 2529 994 2598 fateor,
1012 2529 1063 2587 sed

120 2649 182 2690 non
194 2629 305 2697 ¹accidit
314 2646 322 2699 ;
343 2628 374 2684 in
392 2626 455 2684 acie
469 2643 530 2684 non
544 2625 592 2684 lui
635 2625 731 2684 Ceteri
752 2625 878 2702 quidem,
894 2624 1063 2701 Pompeius,

121 2728 262 2788 Lentulus
275 2737 351 2796 tuuS,
366 2725 472 2800 Scipio,
488 2723 625 2782 Afranius
639 2723 725 2783 foede
739 2725 892 2800 perierunt.
922 2724 973 2782 ‘At
988 2724 1064 2785 Cato

122 2823 286 2904 praeclare!
328 2823 392 2882 Iam
422 2823 496 2882 istuc
528 2821 655 2896 quidem,
683 2839 751 2879 cum
782 2821 921 2891 volemus,
950 2821 1063 2882 licebit?

123 2925 225 2982 demus
249 2921 339 2980 modo
363 2938 483 2996 operam
507 2938 544 2977 ne
569 2929 628 2976 tam
655 2936 774 2977 neccsse
801 2918 886 2976 nobis
915 2918 951 2977 sit
975 2938 1064 2995 quam

123 3021 162 3079 illi
181 3020 249 3096 suit;
271 3018 301 3076 id
314 3018 394 3092 quod
407 3017 529 3092 agimus.
573 3034 599 3089 3.
620 3015 701 3090 Ergo
715 3014 771 3072 hoc
786 3015 919 3090 primum.
962 3014 1065 3091 Sequi·

124 3131 170 3177 tur
180 3118 265 3176 illud:
287 3117 349 3191 ipse
363 3115 465 3172 melior
480 3114 534 3182 fio;
549 3114 676 3188 primum
690 3111 860 3182 valetudine,
875 3130 963 3187 quam
977 3114 1064 3172 inter·

125 3218 221 3275 missis
236 3213 484 3274 exercitationibus
499 3212 670 3281 amiseram3
693 3209 797 3267 deinde
815 3209 879 3284 ipsa
898 3209 960 3279 illa,
969 3211 992 3267 si
1006 3228 1065 3286 qua

126 3315 177 3371 iuit
191 3315 221 3370 in
236 3331 291 3383 me,
305 3310 425 3369 facultas
440 3309 586 3376 orationis,
598 3308 652 3366 nisi
666 3327 713 3366 me
728 3307 766 3365 ad
779 3306 832 3364 has
845 3307 1065 3366 exercitationes

126 3412 306 3481 rettulissem,
323 3408 487 3492 exaruisset.
529 3405 696 3456 thremum
712 3404 779 3460 :tine
797 3413 834 3460 «st
861 3403 941 3468 quod
955 3414 986 3462 tu
1000 3424 1065 3466 nes·
