<?xml version="1.0" encoding="UTF-8"?>
<!DOCTYPE html PUBLIC "-//W3C//DTD XHTML 1.0 Transitional//EN"
    "http://www.w3.org/TR/xhtml1/DTD/xhtml1-transitional.dtd">
<html xmlns="http://www.w3.org/1999/xhtml" xml:lang="en" lang="en">
 <head>
  <title>
</title>
<meta http-equiv="Content-Type" content="text/html;charset=utf-8" />
  <meta name='ocr-system' content='tesseract 3.04.00' />
  <meta name='ocr-capabilities' content='ocr_page ocr_carea ocr_par ocr_line ocrx_word'/>
</head>
<body>
  <div class='ocr_page' id='page_1' title='image "./epistolaeselect01cicegoog/epistolaeselect01cicegoog_0213.png"; bbox 0 0 2348 3788; ppageno 0'>
   <div class='ocr_carea' id='block_1_1' title="bbox 54 229 994 315">
    <p class='ocr_par' dir='ltr' id='par_1_1' title="bbox 54 229 994 315">
     <span class='ocr_line' id='line_1_1' title="bbox 54 229 994 315; baseline 0.002 -23"><span class='ocrx_word' id='word_1_1' title='bbox 54 247 98 308; x_wconf 78' lang='lat' dir='ltr'>ap.</span> <span class='ocrx_word' id='word_1_2' title='bbox 114 229 168 315; x_wconf 74' lang='lat'>91]</span> <span class='ocrx_word' id='word_1_3' title='bbox 255 241 366 291; x_wconf 75' lang='lat' dir='ltr'>aaran</span> <span class='ocrx_word' id='word_1_4' title='bbox 389 241 438 290; x_wconf 76' lang='lat' dir='ltr'>ab</span> <span class='ocrx_word' id='word_1_5' title='bbox 458 242 680 292; x_wconf 73' lang='lat' dir='ltr'>rnurrranas</span> <span class='ocrx_word' id='word_1_6' title='bbox 704 244 750 291; x_wconf 87' lang='lat' dir='ltr'>vr.</span> <span class='ocrx_word' id='word_1_7' title='bbox 772 231 803 293; x_wconf 87' lang='lat'>6.</span> <span class='ocrx_word' id='word_1_8' title='bbox 936 245 994 312; x_wconf 90' lang='lat'>197</span> 
     </span>
    </p>
   </div>
   <div class='ocr_carea' id='block_1_2' title="bbox 53 393 999 3506">
    <p class='ocr_par' dir='ltr' id='par_1_2' title="bbox 53 393 999 3506">
     <span class='ocr_line' id='line_1_2' title="bbox 55 393 998 471; baseline -0.002 -19"><span class='ocrx_word' id='word_1_9' title='bbox 55 394 161 470; x_wconf 92' lang='lat' dir='ltr'>quibus</span> <span class='ocrx_word' id='word_1_10' title='bbox 182 393 227 451; x_wconf 92' lang='lat' dir='ltr'>ille</span> <span class='ocrx_word' id='word_1_11' title='bbox 250 394 274 451; x_wconf 93' lang='lat' dir='ltr'>si</span> <span class='ocrx_word' id='word_1_12' title='bbox 294 395 443 469; x_wconf 90' lang='lat' dir='ltr'>paruisset,</span> <span class='ocrx_word' id='word_1_13' title='bbox 458 405 534 453; x_wconf 91' lang='lat' dir='ltr'>esset</span> <span class='ocrx_word' id='word_1_14' title='bbox 553 393 600 453; x_wconf 95' lang='lat' dir='ltr'>hic</span> <span class='ocrx_word' id='word_1_15' title='bbox 622 395 740 471; x_wconf 92' lang='lat' dir='ltr'>quidem</span> <span class='ocrx_word' id='word_1_16' title='bbox 761 393 854 452; x_wconf 90' lang='lat' dir='ltr'>clarus</span> <span class='ocrx_word' id='word_1_17' title='bbox 874 393 904 450; x_wconf 93' lang='lat' dir='ltr'>in</span> <span class='ocrx_word' id='word_1_18' title='bbox 928 404 998 468; x_wconf 91' lang='lat' dir='ltr'>toga</span> 
     </span>
     <span class='ocr_line' id='line_1_3' title="bbox 54 492 998 570; baseline -0.003 -19"><span class='ocrx_word' id='word_1_19' title='bbox 54 502 85 551; x_wconf 90' lang='lat' dir='ltr'>et</span> <span class='ocrx_word' id='word_1_20' title='bbox 105 494 249 570; x_wconf 72' lang='lat' dir='ltr'>princeps</span> <span class='ocrx_word' id='word_1_21' title='bbox 271 492 323 550; x_wconf 89' lang='lat' dir='ltr'>sed</span> <span class='ocrx_word' id='word_1_22' title='bbox 344 502 437 551; x_wconf 86' lang='lat' dir='ltr'>tantas</span> <span class='ocrx_word' id='word_1_23' title='bbox 459 511 537 568; x_wconf 91' lang='lat' dir='ltr'>opes,</span> <span class='ocrx_word' id='word_1_24' title='bbox 560 503 683 568; x_wconf 89' lang='lat' dir='ltr'>quantas</span> <span class='ocrx_word' id='word_1_25' title='bbox 711 510 789 550; x_wconf 91' lang='lat' dir='ltr'>nunc</span> <span class='ocrx_word' id='word_1_26' title='bbox 816 492 911 561; x_wconf 87' lang='lat' dir='ltr'>habet,</span> <span class='ocrx_word' id='word_1_27' title='bbox 936 509 998 548; x_wconf 91' lang='lat' dir='ltr'>non</span> 
     </span>
     <span class='ocr_line' id='line_1_4' title="bbox 53 590 996 667; baseline 0 -19"><span class='ocrx_word' id='word_1_28' title='bbox 53 591 188 648; x_wconf 91' lang='lat' dir='ltr'>haberet:</span> <span class='ocrx_word' id='word_1_29' title='bbox 211 590 340 648; x_wconf 91' lang='lat' dir='ltr'>eundum</span> <span class='ocrx_word' id='word_1_30' title='bbox 358 591 389 648; x_wconf 94' lang='lat' dir='ltr'>in</span> <span class='ocrx_word' id='word_1_31' title='bbox 408 590 583 666; x_wconf 86' lang='lat' dir='ltr'>Hispaniam</span> <span class='ocrx_word' id='word_1_32' title='bbox 597 592 696 649; x_wconf 90' lang='lat' dir='ltr'>censui</span> <span class='ocrx_word' id='word_1_33' title='bbox 706 610 715 663; x_wconf 89' lang='lat'>;</span> <span class='ocrx_word' id='word_1_34' title='bbox 737 591 818 667; x_wconf 91' lang='lat' dir='ltr'>quod</span> <span class='ocrx_word' id='word_1_35' title='bbox 835 591 858 649; x_wconf 93' lang='lat' dir='ltr'>si</span> <span class='ocrx_word' id='word_1_36' title='bbox 873 590 996 660; x_wconf 84' lang='lat' dir='ltr'><strong>fecisset,</strong></span> 
     </span>
     <span class='ocr_line' id='line_1_5' title="bbox 54 688 998 763; baseline -0.002 -16"><span class='ocrx_word' id='word_1_37' title='bbox 54 689 135 747; x_wconf 91' lang='lat' dir='ltr'>civile</span> <span class='ocrx_word' id='word_1_38' title='bbox 159 688 266 763; x_wconf 88' lang='lat' dir='ltr'>bellum</span> <span class='ocrx_word' id='word_1_39' title='bbox 288 688 399 746; x_wconf 92' lang='lat' dir='ltr'>nullum</span> <span class='ocrx_word' id='word_1_40' title='bbox 423 690 544 747; x_wconf 92' lang='lat' dir='ltr'>omnino</span> <span class='ocrx_word' id='word_1_41' title='bbox 568 689 676 748; x_wconf 90' lang='lat' dir='ltr'>fuisset.</span> <span class='ocrx_word' id='word_1_42' title='bbox 720 689 877 747; x_wconf 89' lang='lat' dir='ltr'>Rationem</span> <span class='ocrx_word' id='word_1_43' title='bbox 899 688 998 747; x_wconf 91' lang='lat' dir='ltr'>haberi</span> 
     </span>
     <span class='ocr_line' id='line_1_6' title="bbox 56 786 998 863; baseline 0 -20"><span class='ocrx_word' id='word_1_44' title='bbox 56 787 183 844; x_wconf 90' lang='lat' dir='ltr'>absentis</span> <span class='ocrx_word' id='word_1_45' title='bbox 205 805 265 844; x_wconf 92' lang='lat' dir='ltr'>non</span> <span class='ocrx_word' id='word_1_46' title='bbox 286 796 346 843; x_wconf 92' lang='lat' dir='ltr'>tam</span> <span class='ocrx_word' id='word_1_47' title='bbox 367 787 494 862; x_wconf 88' lang='lat' dir='ltr'>pugnavi</span> <span class='ocrx_word' id='word_1_48' title='bbox 513 797 546 846; x_wconf 92' lang='lat' dir='ltr'>ut</span> <span class='ocrx_word' id='word_1_49' title='bbox 566 787 671 858; x_wconf 89' lang='lat' dir='ltr'>liceret,</span> <span class='ocrx_word' id='word_1_50' title='bbox 691 805 779 863; x_wconf 91' lang='lat' dir='ltr'>quam</span> <span class='ocrx_word' id='word_1_51' title='bbox 800 796 839 858; x_wconf 91' lang='lat' dir='ltr'>ut,</span> <span class='ocrx_word' id='word_1_52' title='bbox 859 786 998 862; x_wconf 91' lang='lat' dir='ltr'>quoniam</span> 
     </span>
     <span class='ocr_line' id='line_1_7' title="bbox 56 882 998 960; baseline 0.001 -19"><span class='ocrx_word' id='word_1_53' title='bbox 56 886 121 959; x_wconf 93' lang='lat' dir='ltr'>ipso</span> <span class='ocrx_word' id='word_1_54' title='bbox 137 883 254 941; x_wconf 90' lang='lat' dir='ltr'>consule</span> <span class='ocrx_word' id='word_1_55' title='bbox 269 893 418 958; x_wconf 84' lang='lat' dir='ltr'>pugnante</span> <span class='ocrx_word' id='word_1_56' title='bbox 432 885 558 960; x_wconf 94' lang='lat' dir='ltr'>populus</span> <span class='ocrx_word' id='word_1_57' title='bbox 572 886 701 956; x_wconf 87' lang='lat' dir='ltr'>iusserat,</span> <span class='ocrx_word' id='word_1_58' title='bbox 711 884 870 943; x_wconf 86' lang='lat' dir='ltr'>haberetur.</span> <span class='ocrx_word' id='word_1_59' title='bbox 902 882 998 942; x_wconf 88' lang='lat' dir='ltr'>Causa</span> 
     </span>
     <span class='ocr_line' id='line_1_8' title="bbox 55 983 999 1058; baseline -0.001 -17"><span class='ocrx_word' id='word_1_60' title='bbox 55 994 120 1042; x_wconf 89' lang='lat' dir='ltr'>orta</span> <span class='ocrx_word' id='word_1_61' title='bbox 141 984 207 1040; x_wconf 92' lang='lat' dir='ltr'>belli</span> <span class='ocrx_word' id='word_1_62' title='bbox 228 993 289 1040; x_wconf 86' lang='lat' dir='ltr'>est:</span> <span class='ocrx_word' id='word_1_63' title='bbox 315 983 384 1057; x_wconf 92' lang='lat' dir='ltr'>quid</span> <span class='ocrx_word' id='word_1_64' title='bbox 406 1001 462 1058; x_wconf 89' lang='lat' dir='ltr'>ego</span> <span class='ocrx_word' id='word_1_65' title='bbox 483 985 661 1058; x_wconf 90' lang='lat' dir='ltr'>praetermisi</span> <span class='ocrx_word' id='word_1_66' title='bbox 682 993 731 1041; x_wconf 90' lang='lat' dir='ltr'>aut</span> <span class='ocrx_word' id='word_1_67' title='bbox 751 984 928 1042; x_wconf 91' lang='lat' dir='ltr'>monitorum</span> <span class='ocrx_word' id='word_1_68' title='bbox 949 993 999 1040; x_wconf 89' lang='lat' dir='ltr'>aut</span> 
     </span>
     <span class='ocr_line' id='line_1_9' title="bbox 55 1081 999 1158; baseline -0.001 -20"><span class='ocrx_word' id='word_1_69' title='bbox 55 1081 254 1158; x_wconf 80' lang='lat' dir='ltr'>querelarum!</span> <span class='ocrx_word' id='word_1_70' title='bbox 276 1099 344 1138; x_wconf 92' lang='lat' dir='ltr'>cum</span> <span class='ocrx_word' id='word_1_71' title='bbox 355 1081 399 1139; x_wconf 92' lang='lat' dir='ltr'>vel</span> <span class='ocrx_word' id='word_1_72' title='bbox 413 1081 622 1156; x_wconf 89' lang='lat' dir='ltr'>iniquissimam</span> <span class='ocrx_word' id='word_1_73' title='bbox 635 1100 738 1157; x_wconf 87' lang='lat' dir='ltr'>pacem</span> <span class='ocrx_word' id='word_1_74' title='bbox 752 1081 907 1139; x_wconf 91' lang='lat' dir='ltr'>iustissimo</span> <span class='ocrx_word' id='word_1_75' title='bbox 922 1081 999 1138; x_wconf 91' lang='lat' dir='ltr'>bello</span> 
     </span>
     <span class='ocr_line' id='line_1_10' title="bbox 55 1177 998 1249; baseline -0.003 -12"><span class='ocrx_word' id='word_1_76' title='bbox 55 1178 236 1238; x_wconf 85' lang='lat' dir='ltr'>anteferrem.</span> <span class='ocrx_word' id='word_1_77' title='bbox 274 1180 301 1235; x_wconf 89' lang='lat'>6.</span> <span class='ocrx_word' id='word_1_78' title='bbox 320 1177 406 1236; x_wconf 95' lang='lat' dir='ltr'>Victa</span> <span class='ocrx_word' id='word_1_79' title='bbox 420 1188 463 1236; x_wconf 93' lang='lat' dir='ltr'>est</span> <span class='ocrx_word' id='word_1_80' title='bbox 477 1180 630 1237; x_wconf 89' lang='lat' dir='ltr'>auctoritas</span> <span class='ocrx_word' id='word_1_81' title='bbox 645 1197 720 1249; x_wconf 87' lang='lat' dir='ltr'>mea,</span> <span class='ocrx_word' id='word_1_82' title='bbox 732 1195 792 1236; x_wconf 91' lang='lat' dir='ltr'>non</span> <span class='ocrx_word' id='word_1_83' title='bbox 806 1188 866 1236; x_wconf 88' lang='lat' dir='ltr'>tam</span> <span class='ocrx_word' id='word_1_84' title='bbox 880 1196 898 1235; x_wconf 88' lang='lat' dir='ltr'>a</span> <span class='ocrx_word' id='word_1_85' title='bbox 912 1178 998 1236; x_wconf 92' lang='lat' dir='ltr'>Pom-</span> 
     </span>
     <span class='ocr_line' id='line_1_11' title="bbox 55 1275 997 1353; baseline 0 -19"><span class='ocrx_word' id='word_1_86' title='bbox 55 1278 235 1353; x_wconf 88' lang='lat' dir='ltr'>peio-nam</span> <span class='ocrx_word' id='word_1_87' title='bbox 249 1276 273 1334; x_wconf 91' lang='lat' dir='ltr'>is</span> <span class='ocrx_word' id='word_1_88' title='bbox 288 1277 587 1352; x_wconf 88' lang='lat' dir='ltr'>movebatur—quam</span> <span class='ocrx_word' id='word_1_89' title='bbox 602 1278 639 1334; x_wconf 95' lang='lat' dir='ltr'>ab</span> <span class='ocrx_word' id='word_1_90' title='bbox 650 1277 692 1346; x_wconf 89' lang='lat' dir='ltr'>iis,</span> <span class='ocrx_word' id='word_1_91' title='bbox 704 1276 754 1351; x_wconf 92' lang='lat' dir='ltr'>qui</span> <span class='ocrx_word' id='word_1_92' title='bbox 768 1275 840 1333; x_wconf 94' lang='lat' dir='ltr'>duce</span> <span class='ocrx_word' id='word_1_93' title='bbox 855 1275 997 1352; x_wconf 92' lang='lat' dir='ltr'>Pompeio</span> 
     </span>
     <span class='ocr_line' id='line_1_12' title="bbox 56 1372 998 1451; baseline -0.001 -19"><span class='ocrx_word' id='word_1_94' title='bbox 56 1375 120 1432; x_wconf 87' lang='lat' dir='ltr'>freti</span> <span class='ocrx_word' id='word_1_95' title='bbox 141 1383 389 1451; x_wconf 86' lang='lat' dir='ltr'>peropportunam</span> <span class='ocrx_word' id='word_1_96' title='bbox 409 1383 438 1431; x_wconf 91' lang='lat' dir='ltr'>et</span> <span class='ocrx_word' id='word_1_97' title='bbox 455 1375 541 1432; x_wconf 93' lang='lat' dir='ltr'>rebus</span> <span class='ocrx_word' id='word_1_98' title='bbox 561 1374 727 1432; x_wconf 88' lang='lat' dir='ltr'>domesticis</span> <span class='ocrx_word' id='word_1_99' title='bbox 747 1384 775 1432; x_wconf 89' lang='lat' dir='ltr'>et</span> <span class='ocrx_word' id='word_1_100' title='bbox 794 1372 998 1449; x_wconf 89' lang='lat' dir='ltr'>cupiditatibus</span> 
     </span>
     <span class='ocr_line' id='line_1_13' title="bbox 56 1470 998 1548; baseline -0.003 -17"><span class='ocrx_word' id='word_1_101' title='bbox 56 1474 116 1532; x_wconf 93' lang='lat' dir='ltr'>suis</span> <span class='ocrx_word' id='word_1_102' title='bbox 135 1474 209 1530; x_wconf 90' lang='lat' dir='ltr'>illius</span> <span class='ocrx_word' id='word_1_103' title='bbox 227 1471 293 1530; x_wconf 91' lang='lat' dir='ltr'>belli</span> <span class='ocrx_word' id='word_1_104' title='bbox 307 1471 455 1529; x_wconf 86' lang='lat' dir='ltr'>victoriam</span> <span class='ocrx_word' id='word_1_105' title='bbox 475 1470 536 1530; x_wconf 83' lang='lat' dir='ltr'>fore</span> <span class='ocrx_word' id='word_1_106' title='bbox 555 1474 703 1547; x_wconf 90' lang='lat' dir='ltr'>putabant.</span> <span class='ocrx_word' id='word_1_107' title='bbox 747 1471 920 1548; x_wconf 90' lang='lat' dir='ltr'>Susceptum</span> <span class='ocrx_word' id='word_1_108' title='bbox 938 1472 998 1530; x_wconf 91' lang='lat' dir='ltr'>bel-</span> 
     </span>
     <span class='ocr_line' id='line_1_14' title="bbox 55 1564 997 1646; baseline -0.003 -16"><span class='ocrx_word' id='word_1_109' title='bbox 55 1573 117 1630; x_wconf 91' lang='lat' dir='ltr'>lum</span> <span class='ocrx_word' id='word_1_110' title='bbox 136 1580 178 1629; x_wconf 89' lang='lat' dir='ltr'>est</span> <span class='ocrx_word' id='word_1_111' title='bbox 199 1570 364 1646; x_wconf 91' lang='lat' dir='ltr'>quiescente</span> <span class='ocrx_word' id='word_1_112' title='bbox 384 1588 440 1639; x_wconf 89' lang='lat' dir='ltr'>me,</span> <span class='ocrx_word' id='word_1_113' title='bbox 459 1564 612 1645; x_wconf 87' lang='lat' dir='ltr'>depulsum</span> <span class='ocrx_word' id='word_1_114' title='bbox 630 1589 666 1628; x_wconf 87' lang='lat' dir='ltr'>ex</span> <span class='ocrx_word' id='word_1_115' title='bbox 685 1569 768 1629; x_wconf 88' lang='lat' dir='ltr'>Italia</span> <span class='ocrx_word' id='word_1_116' title='bbox 786 1580 921 1627; x_wconf 90' lang='lat' dir='ltr'>manente</span> <span class='ocrx_word' id='word_1_117' title='bbox 940 1587 997 1638; x_wconf 83' lang='lat' dir='ltr'>me,</span> 
     </span>
     <span class='ocr_line' id='line_1_15' title="bbox 55 1668 998 1745; baseline 0 -19"><span class='ocrx_word' id='word_1_118' title='bbox 55 1670 154 1745; x_wconf 91' lang='lat' dir='ltr'>quoad</span> <span class='ocrx_word' id='word_1_119' title='bbox 169 1669 268 1744; x_wconf 83' lang='lat' dir='ltr'>potui3</span> <span class='ocrx_word' id='word_1_120' title='bbox 290 1668 341 1726; x_wconf 92' lang='lat' dir='ltr'>sed</span> <span class='ocrx_word' id='word_1_121' title='bbox 356 1668 441 1725; x_wconf 92' lang='lat' dir='ltr'>valuit</span> <span class='ocrx_word' id='word_1_122' title='bbox 460 1669 537 1742; x_wconf 88' lang='lat' dir='ltr'>apud</span> <span class='ocrx_word' id='word_1_123' title='bbox 551 1687 600 1727; x_wconf 92' lang='lat' dir='ltr'>me</span> <span class='ocrx_word' id='word_1_124' title='bbox 618 1668 683 1745; x_wconf 92' lang='lat' dir='ltr'>plus</span> <span class='ocrx_word' id='word_1_125' title='bbox 700 1669 794 1745; x_wconf 92' lang='lat' dir='ltr'>pudor</span> <span class='ocrx_word' id='word_1_126' title='bbox 812 1687 895 1726; x_wconf 91' lang='lat' dir='ltr'>meus</span> <span class='ocrx_word' id='word_1_127' title='bbox 909 1687 998 1744; x_wconf 89' lang='lat' dir='ltr'>quam</span> 
     </span>
     <span class='ocr_line' id='line_1_16' title="bbox 55 1765 997 1842; baseline 0.001 -19"><span class='ocrx_word' id='word_1_128' title='bbox 55 1769 156 1836; x_wconf 84' lang='lat' dir='ltr'>timor3</span> <span class='ocrx_word' id='word_1_129' title='bbox 181 1765 285 1823; x_wconf 88' lang='lat' dir='ltr'>veritus</span> <span class='ocrx_word' id='word_1_130' title='bbox 306 1783 369 1822; x_wconf 91' lang='lat' dir='ltr'>sum</span> <span class='ocrx_word' id='word_1_131' title='bbox 394 1765 496 1823; x_wconf 88' lang='lat' dir='ltr'>deesse</span> <span class='ocrx_word' id='word_1_132' title='bbox 517 1765 648 1842; x_wconf 90' lang='lat' dir='ltr'>Pompeii</span> <span class='ocrx_word' id='word_1_133' title='bbox 669 1767 760 1836; x_wconf 90' lang='lat' dir='ltr'>saluti,</span> <span class='ocrx_word' id='word_1_134' title='bbox 785 1785 852 1824; x_wconf 92' lang='lat' dir='ltr'>cum</span> <span class='ocrx_word' id='word_1_135' title='bbox 873 1767 919 1824; x_wconf 91' lang='lat' dir='ltr'>ille</span> <span class='ocrx_word' id='word_1_136' title='bbox 947 1768 997 1824; x_wconf 90' lang='lat' dir='ltr'>ali-</span> 
     </span>
     <span class='ocr_line' id='line_1_17' title="bbox 55 1864 997 1941; baseline 0.001 -19"><span class='ocrx_word' id='word_1_137' title='bbox 55 1866 174 1941; x_wconf 90' lang='lat' dir='ltr'>quando</span> <span class='ocrx_word' id='word_1_138' title='bbox 191 1883 252 1922; x_wconf 90' lang='lat' dir='ltr'>non</span> <span class='ocrx_word' id='word_1_139' title='bbox 272 1864 409 1922; x_wconf 85' lang='lat' dir='ltr'>defuisset</span> <span class='ocrx_word' id='word_1_140' title='bbox 428 1883 518 1922; x_wconf 91' lang='lat' dir='ltr'>meae.</span> <span class='ocrx_word' id='word_1_141' title='bbox 560 1865 662 1941; x_wconf 89' lang='lat' dir='ltr'>Itaque</span> <span class='ocrx_word' id='word_1_142' title='bbox 680 1866 725 1924; x_wconf 89' lang='lat' dir='ltr'>vel</span> <span class='ocrx_word' id='word_1_143' title='bbox 744 1865 840 1923; x_wconf 89' lang='lat' dir='ltr'>officio</span> <span class='ocrx_word' id='word_1_144' title='bbox 857 1866 902 1923; x_wconf 94' lang='lat' dir='ltr'>vel</span> <span class='ocrx_word' id='word_1_145' title='bbox 920 1866 997 1923; x_wconf 88' lang='lat' dir='ltr'>fama</span> 
     </span>
     <span class='ocr_line' id='line_1_18' title="bbox 55 1962 995 2039; baseline -0.001 -17"><span class='ocrx_word' id='word_1_146' title='bbox 55 1967 200 2022; x_wconf 92' lang='lat' dir='ltr'>bonorum</span> <span class='ocrx_word' id='word_1_147' title='bbox 222 1962 266 2020; x_wconf 91' lang='lat' dir='ltr'>vel</span> <span class='ocrx_word' id='word_1_148' title='bbox 291 1963 403 2037; x_wconf 89' lang='lat' dir='ltr'>pudore</span> <span class='ocrx_word' id='word_1_149' title='bbox 427 1963 527 2033; x_wconf 66' lang='lat' dir='ltr'>victua</span> <span class='ocrx_word' id='word_1_150' title='bbox 552 1974 584 2022; x_wconf 90' lang='lat' dir='ltr'>ut</span> <span class='ocrx_word' id='word_1_151' title='bbox 611 1963 641 2020; x_wconf 91' lang='lat' dir='ltr'>in</span> <span class='ocrx_word' id='word_1_152' title='bbox 669 1963 771 2021; x_wconf 90' lang='lat' dir='ltr'>fabulis</span> <span class='ocrx_word' id='word_1_153' title='bbox 795 1963 995 2039; x_wconf 70' lang='lat' dir='ltr'>Amphiaraus</span> 
     </span>
     <span class='ocr_line' id='line_1_19' title="bbox 56 2061 997 2137; baseline -0.002 -17"><span class='ocrx_word' id='word_1_154' title='bbox 56 2063 97 2120; x_wconf 92' lang='lat' dir='ltr'>sic</span> <span class='ocrx_word' id='word_1_155' title='bbox 118 2080 174 2137; x_wconf 91' lang='lat' dir='ltr'>ego</span> <span class='ocrx_word' id='word_1_156' title='bbox 195 2061 323 2137; x_wconf 91' lang='lat' dir='ltr'>prudens</span> <span class='ocrx_word' id='word_1_157' title='bbox 343 2071 372 2118; x_wconf 88' lang='lat' dir='ltr'>et</span> <span class='ocrx_word' id='word_1_158' title='bbox 393 2061 486 2118; x_wconf 90' lang='lat' dir='ltr'>sciens</span> <span class='ocrx_word' id='word_1_159' title='bbox 508 2061 562 2118; x_wconf 86' lang='lat' dir='ltr'>‘ad</span> <span class='ocrx_word' id='word_1_160' title='bbox 583 2071 695 2136; x_wconf 90' lang='lat' dir='ltr'>pestem</span> <span class='ocrx_word' id='word_1_161' title='bbox 715 2072 781 2119; x_wconf 85' lang='lat' dir='ltr'>ante</span> <span class='ocrx_word' id='word_1_162' title='bbox 801 2061 901 2119; x_wconf 93' lang='lat' dir='ltr'>oculos</span> <span class='ocrx_word' id='word_1_163' title='bbox 917 2062 997 2137; x_wconf 93' lang='lat' dir='ltr'>posi-</span> 
     </span>
     <span class='ocr_line' id='line_1_20' title="bbox 55 2158 998 2233; baseline 0 -16"><span class='ocrx_word' id='word_1_164' title='bbox 55 2159 128 2218; x_wconf 86' lang='lat' dir='ltr'>tam&#39;</span> <span class='ocrx_word' id='word_1_165' title='bbox 154 2177 218 2216; x_wconf 92' lang='lat' dir='ltr'>sum</span> <span class='ocrx_word' id='word_1_166' title='bbox 243 2158 389 2233; x_wconf 81' lang='lat' dir='ltr'>proiectus</span> <span class='ocrx_word' id='word_1_167' title='bbox 401 2176 411 2231; x_wconf 81' lang='lat'>3</span> <span class='ocrx_word' id='word_1_168' title='bbox 443 2176 502 2233; x_wconf 94' lang='lat' dir='ltr'>quo</span> <span class='ocrx_word' id='word_1_169' title='bbox 524 2158 555 2216; x_wconf 91' lang='lat' dir='ltr'>in</span> <span class='ocrx_word' id='word_1_170' title='bbox 575 2159 651 2217; x_wconf 93' lang='lat' dir='ltr'>bello</span> <span class='ocrx_word' id='word_1_171' title='bbox 672 2159 741 2215; x_wconf 93' lang='lat' dir='ltr'>nihil</span> <span class='ocrx_word' id='word_1_172' title='bbox 762 2159 872 2217; x_wconf 90' lang='lat' dir='ltr'>adversi</span> <span class='ocrx_word' id='word_1_173' title='bbox 894 2160 998 2218; x_wconf 93' lang='lat' dir='ltr'>accidit</span> 
     </span>
     <span class='ocr_line' id='line_1_21' title="bbox 55 2255 996 2333; baseline -0.001 -17"><span class='ocrx_word' id='word_1_174' title='bbox 55 2277 117 2316; x_wconf 90' lang='lat' dir='ltr'>non</span> <span class='ocrx_word' id='word_1_175' title='bbox 146 2258 330 2333; x_wconf 88' lang='lat' dir='ltr'>praedicente</span> <span class='ocrx_word' id='word_1_176' title='bbox 352 2274 409 2315; x_wconf 92' lang='lat' dir='ltr'>me.</span> <span class='ocrx_word' id='word_1_177' title='bbox 452 2269 479 2330; x_wconf 81' lang='lat'>7.</span> <span class='ocrx_word' id='word_1_178' title='bbox 501 2255 569 2327; x_wconf 91' lang='lat' dir='ltr'>Qua</span> <span class='ocrx_word' id='word_1_179' title='bbox 592 2275 623 2314; x_wconf 91' lang='lat' dir='ltr'>re</span> <span class='ocrx_word' id='word_1_180' title='bbox 648 2257 795 2333; x_wconf 87' lang='lat' dir='ltr'>quoniam,</span> <span class='ocrx_word' id='word_1_181' title='bbox 818 2267 850 2314; x_wconf 93' lang='lat' dir='ltr'>ut</span> <span class='ocrx_word' id='word_1_182' title='bbox 872 2276 996 2332; x_wconf 87' lang='lat' dir='ltr'>augures</span> 
     </span>
     <span class='ocr_line' id='line_1_22' title="bbox 55 2354 996 2431; baseline -0.001 -16"><span class='ocrx_word' id='word_1_183' title='bbox 55 2367 85 2415; x_wconf 90' lang='lat' dir='ltr'>et</span> <span class='ocrx_word' id='word_1_184' title='bbox 106 2355 242 2429; x_wconf 89' lang='lat' dir='ltr'>astrologi</span> <span class='ocrx_word' id='word_1_185' title='bbox 264 2355 365 2422; x_wconf 87' lang='lat' dir='ltr'>solent,</span> <span class='ocrx_word' id='word_1_186' title='bbox 383 2372 439 2429; x_wconf 91' lang='lat' dir='ltr'>ego</span> <span class='ocrx_word' id='word_1_187' title='bbox 461 2372 578 2430; x_wconf 92' lang='lat' dir='ltr'>quoque</span> <span class='ocrx_word' id='word_1_188' title='bbox 601 2373 692 2430; x_wconf 90' lang='lat' dir='ltr'>augur</span> <span class='ocrx_word' id='word_1_189' title='bbox 712 2354 845 2431; x_wconf 93' lang='lat' dir='ltr'>publicus</span> <span class='ocrx_word' id='word_1_190' title='bbox 865 2375 902 2414; x_wconf 86' lang='lat' dir='ltr'>ex</span> <span class='ocrx_word' id='word_1_191' title='bbox 922 2357 996 2414; x_wconf 90' lang='lat' dir='ltr'>meis</span> 
     </span>
     <span class='ocr_line' id='line_1_23' title="bbox 56 2451 996 2530; baseline -0.002 -18"><span class='ocrx_word' id='word_1_192' title='bbox 56 2453 252 2530; x_wconf 90' lang='lat' dir='ltr'>superioribus</span> <span class='ocrx_word' id='word_1_193' title='bbox 279 2452 431 2526; x_wconf 92' lang='lat' dir='ltr'>praedictis</span> <span class='ocrx_word' id='word_1_194' title='bbox 464 2451 598 2510; x_wconf 90' lang='lat' dir='ltr'>constitui</span> <span class='ocrx_word' id='word_1_195' title='bbox 631 2452 709 2528; x_wconf 91' lang='lat' dir='ltr'>apud</span> <span class='ocrx_word' id='word_1_196' title='bbox 737 2461 765 2510; x_wconf 92' lang='lat' dir='ltr'>te</span> <span class='ocrx_word' id='word_1_197' title='bbox 797 2454 996 2511; x_wconf 90' lang='lat' dir='ltr'>auctoritatem</span> 
     </span>
     <span class='ocr_line' id='line_1_24' title="bbox 55 2549 994 2626; baseline 0.001 -18"><span class='ocrx_word' id='word_1_198' title='bbox 55 2552 166 2626; x_wconf 86' lang='lat' dir='ltr'>augurii</span> <span class='ocrx_word' id='word_1_199' title='bbox 188 2560 216 2608; x_wconf 91' lang='lat' dir='ltr'>et</span> <span class='ocrx_word' id='word_1_200' title='bbox 237 2550 419 2607; x_wconf 83' lang='lat' dir='ltr'>divinationis</span> <span class='ocrx_word' id='word_1_201' title='bbox 440 2568 532 2614; x_wconf 88' lang='lat' dir='ltr'>meae,</span> <span class='ocrx_word' id='word_1_202' title='bbox 553 2549 669 2608; x_wconf 88' lang='lat' dir='ltr'>debebit</span> <span class='ocrx_word' id='word_1_203' title='bbox 690 2549 796 2608; x_wconf 90' lang='lat' dir='ltr'>habere</span> <span class='ocrx_word' id='word_1_204' title='bbox 817 2551 905 2608; x_wconf 92' lang='lat' dir='ltr'>fidem</span> <span class='ocrx_word' id='word_1_205' title='bbox 926 2569 994 2609; x_wconf 91' lang='lat' dir='ltr'>nos-</span> 
     </span>
     <span class='ocr_line' id='line_1_25' title="bbox 54 2645 996 2723; baseline 0 -17"><span class='ocrx_word' id='word_1_206' title='bbox 54 2661 98 2706; x_wconf 90' lang='lat' dir='ltr'>tra</span> <span class='ocrx_word' id='word_1_207' title='bbox 112 2648 276 2723; x_wconf 91' lang='lat' dir='ltr'>praedictio.</span> <span class='ocrx_word' id='word_1_208' title='bbox 319 2645 390 2704; x_wconf 89' lang='lat' dir='ltr'>Non</span> <span class='ocrx_word' id='word_1_209' title='bbox 409 2647 494 2722; x_wconf 90' lang='lat' dir='ltr'>igitur</span> <span class='ocrx_word' id='word_1_210' title='bbox 513 2665 549 2703; x_wconf 84' lang='lat' dir='ltr'>ex</span> <span class='ocrx_word' id='word_1_211' title='bbox 569 2647 642 2704; x_wconf 92' lang='lat' dir='ltr'>alitis</span> <span class='ocrx_word' id='word_1_212' title='bbox 661 2647 787 2705; x_wconf 91' lang='lat' dir='ltr'>involatu</span> <span class='ocrx_word' id='word_1_213' title='bbox 806 2666 860 2706; x_wconf 91' lang='lat' dir='ltr'>nec</span> <span class='ocrx_word' id='word_1_214' title='bbox 878 2666 894 2705; x_wconf 90' lang='lat' dir='ltr'>e</span> <span class='ocrx_word' id='word_1_215' title='bbox 909 2659 996 2706; x_wconf 92' lang='lat' dir='ltr'>cantu</span> 
     </span>
     <span class='ocr_line' id='line_1_26' title="bbox 55 2744 996 2820; baseline 0 -17"><span class='ocrx_word' id='word_1_216' title='bbox 55 2747 170 2804; x_wconf 86' lang='lat' dir='ltr'>sinistro</span> <span class='ocrx_word' id='word_1_217' title='bbox 193 2746 309 2815; x_wconf 91' lang='lat' dir='ltr'>oscinis,</span> <span class='ocrx_word' id='word_1_218' title='bbox 331 2754 362 2801; x_wconf 92' lang='lat' dir='ltr'>ut</span> <span class='ocrx_word' id='word_1_219' title='bbox 387 2744 417 2800; x_wconf 90' lang='lat' dir='ltr'>in</span> <span class='ocrx_word' id='word_1_220' title='bbox 441 2755 541 2802; x_wconf 89' lang='lat' dir='ltr'>nostra</span> <span class='ocrx_word' id='word_1_221' title='bbox 562 2744 714 2820; x_wconf 91' lang='lat' dir='ltr'>disciplina</span> <span class='ocrx_word' id='word_1_222' title='bbox 735 2755 786 2815; x_wconf 91' lang='lat' dir='ltr'>est,</span> <span class='ocrx_word' id='word_1_223' title='bbox 808 2764 862 2803; x_wconf 93' lang='lat' dir='ltr'>nec</span> <span class='ocrx_word' id='word_1_224' title='bbox 884 2765 919 2804; x_wconf 87' lang='lat' dir='ltr'>ex</span> <span class='ocrx_word' id='word_1_225' title='bbox 948 2747 996 2803; x_wconf 91' lang='lat' dir='ltr'>tri·</span> 
     </span>
     <span class='ocr_line' id='line_1_27' title="bbox 54 2843 996 2920; baseline 0.002 -19"><span class='ocrx_word' id='word_1_226' title='bbox 54 2844 149 2920; x_wconf 93' lang='lat' dir='ltr'>pudiis</span> <span class='ocrx_word' id='word_1_227' title='bbox 180 2843 325 2900; x_wconf 93' lang='lat' dir='ltr'>solistimis</span> <span class='ocrx_word' id='word_1_228' title='bbox 358 2852 407 2899; x_wconf 89' lang='lat' dir='ltr'>aut</span> <span class='ocrx_word' id='word_1_229' title='bbox 439 2843 557 2900; x_wconf 92' lang='lat' dir='ltr'>soniviis</span> <span class='ocrx_word' id='word_1_230' title='bbox 584 2843 635 2899; x_wconf 92' lang='lat' dir='ltr'>tibi</span> <span class='ocrx_word' id='word_1_231' title='bbox 663 2860 797 2920; x_wconf 87' lang='lat' dir='ltr'>auguror,</span> <span class='ocrx_word' id='word_1_232' title='bbox 822 2844 874 2902; x_wconf 93' lang='lat' dir='ltr'>sed</span> <span class='ocrx_word' id='word_1_233' title='bbox 901 2845 996 2904; x_wconf 89' lang='lat' dir='ltr'>habeo</span> 
     </span>
     <span class='ocr_line' id='line_1_28' title="bbox 54 2940 996 3015; baseline 0.002 -17"><span class='ocrx_word' id='word_1_234' title='bbox 54 2942 110 2999; x_wconf 89' lang='lat' dir='ltr'>alia</span> <span class='ocrx_word' id='word_1_235' title='bbox 131 2941 223 3015; x_wconf 89' lang='lat' dir='ltr'>signa,</span> <span class='ocrx_word' id='word_1_236' title='bbox 245 2958 319 3015; x_wconf 89' lang='lat' dir='ltr'>quae</span> <span class='ocrx_word' id='word_1_237' title='bbox 341 2941 510 3011; x_wconf 89' lang='lat' dir='ltr'>observem;</span> <span class='ocrx_word' id='word_1_238' title='bbox 535 2957 609 3014; x_wconf 86' lang='lat' dir='ltr'>quae</span> <span class='ocrx_word' id='word_1_239' title='bbox 630 2940 684 2997; x_wconf 90' lang='lat' dir='ltr'>etsi</span> <span class='ocrx_word' id='word_1_240' title='bbox 705 2958 765 2997; x_wconf 92' lang='lat' dir='ltr'>non</span> <span class='ocrx_word' id='word_1_241' title='bbox 787 2951 853 2999; x_wconf 91' lang='lat' dir='ltr'>sunt</span> <span class='ocrx_word' id='word_1_242' title='bbox 874 2943 996 3000; x_wconf 91' lang='lat' dir='ltr'>certiora</span> 
     </span>
     <span class='ocr_line' id='line_1_29' title="bbox 55 3037 994 3108; baseline 0 -11"><span class='ocrx_word' id='word_1_243' title='bbox 55 3040 116 3108; x_wconf 89' lang='lat' dir='ltr'>illis,</span> <span class='ocrx_word' id='word_1_244' title='bbox 146 3039 243 3095; x_wconf 90' lang='lat' dir='ltr'>minus</span> <span class='ocrx_word' id='word_1_245' title='bbox 271 3048 368 3095; x_wconf 89' lang='lat' dir='ltr'>tamen</span> <span class='ocrx_word' id='word_1_246' title='bbox 396 3037 505 3094; x_wconf 90' lang='lat' dir='ltr'>habent</span> <span class='ocrx_word' id='word_1_247' title='bbox 531 3038 576 3095; x_wconf 92' lang='lat' dir='ltr'>vel</span> <span class='ocrx_word' id='word_1_248' title='bbox 603 3039 784 3096; x_wconf 91' lang='lat' dir='ltr'>obscuritatis</span> <span class='ocrx_word' id='word_1_249' title='bbox 812 3039 856 3097; x_wconf 90' lang='lat' dir='ltr'>vel</span> <span class='ocrx_word' id='word_1_250' title='bbox 884 3041 994 3098; x_wconf 91' lang='lat' dir='ltr'>erroris.</span> 
     </span>
     <span class='ocr_line' id='line_1_30' title="bbox 56 3135 997 3213; baseline 0 -19"><span class='ocrx_word' id='word_1_251' title='bbox 56 3140 83 3195; x_wconf 91' lang='lat'>8.</span> <span class='ocrx_word' id='word_1_252' title='bbox 105 3136 251 3194; x_wconf 91' lang='lat' dir='ltr'>Notantur</span> <span class='ocrx_word' id='word_1_253' title='bbox 278 3145 375 3193; x_wconf 89' lang='lat' dir='ltr'>autem</span> <span class='ocrx_word' id='word_1_254' title='bbox 402 3135 472 3192; x_wconf 87' lang='lat' dir='ltr'>mihi</span> <span class='ocrx_word' id='word_1_255' title='bbox 500 3135 537 3194; x_wconf 92' lang='lat' dir='ltr'>ad</span> <span class='ocrx_word' id='word_1_256' title='bbox 565 3135 752 3194; x_wconf 88' lang='lat' dir='ltr'>divinandum</span> <span class='ocrx_word' id='word_1_257' title='bbox 780 3137 863 3212; x_wconf 91' lang='lat' dir='ltr'>signa</span> <span class='ocrx_word' id='word_1_258' title='bbox 890 3136 997 3213; x_wconf 91' lang='lat' dir='ltr'>duplici</span> 
     </span>
     <span class='ocr_line' id='line_1_31' title="bbox 56 3231 997 3312; baseline 0.002 -20"><span class='ocrx_word' id='word_1_259' title='bbox 56 3235 183 3312; x_wconf 90' lang='lat' dir='ltr'>quadam</span> <span class='ocrx_word' id='word_1_260' title='bbox 217 3235 270 3302; x_wconf 91' lang='lat' dir='ltr'>via,</span> <span class='ocrx_word' id='word_1_261' title='bbox 299 3250 421 3308; x_wconf 90' lang='lat' dir='ltr'>quarum</span> <span class='ocrx_word' id='word_1_262' title='bbox 456 3232 574 3290; x_wconf 91' lang='lat' dir='ltr'>alteram</span> <span class='ocrx_word' id='word_1_263' title='bbox 609 3233 686 3291; x_wconf 94' lang='lat' dir='ltr'>duco</span> <span class='ocrx_word' id='word_1_264' title='bbox 716 3252 733 3291; x_wconf 91' lang='lat' dir='ltr'>e</span> <span class='ocrx_word' id='word_1_265' title='bbox 764 3231 889 3292; x_wconf 89' lang='lat' dir='ltr'>Caesare</span> <span class='ocrx_word' id='word_1_266' title='bbox 924 3234 997 3310; x_wconf 90' lang='lat' dir='ltr'>ips0,</span> 
     </span>
     <span class='ocr_line' id='line_1_32' title="bbox 58 3331 998 3407; baseline 0 -17"><span class='ocrx_word' id='word_1_267' title='bbox 58 3335 177 3392; x_wconf 90' lang='lat' dir='ltr'>alteram</span> <span class='ocrx_word' id='word_1_268' title='bbox 198 3350 214 3389; x_wconf 95' lang='lat' dir='ltr'>e</span> <span class='ocrx_word' id='word_1_269' title='bbox 235 3343 401 3405; x_wconf 89' lang='lat' dir='ltr'>temporum</span> <span class='ocrx_word' id='word_1_270' title='bbox 422 3331 546 3388; x_wconf 90' lang='lat' dir='ltr'>civilium</span> <span class='ocrx_word' id='word_1_271' title='bbox 571 3341 672 3389; x_wconf 85' lang='lat' dir='ltr'>natura</span> <span class='ocrx_word' id='word_1_272' title='bbox 692 3341 778 3407; x_wconf 91' lang='lat' dir='ltr'>atque</span> <span class='ocrx_word' id='word_1_273' title='bbox 802 3332 920 3390; x_wconf 89' lang='lat' dir='ltr'>ratione.</span> <span class='ocrx_word' id='word_1_274' title='bbox 962 3332 998 3391; x_wconf 92' lang='lat' dir='ltr'>In</span> 
     </span>
     <span class='ocr_line' id='line_1_33' title="bbox 60 3428 999 3506; baseline 0.001 -16"><span class='ocrx_word' id='word_1_275' title='bbox 60 3428 185 3491; x_wconf 86' lang='lat' dir='ltr'>Caesare</span> <span class='ocrx_word' id='word_1_276' title='bbox 219 3430 292 3488; x_wconf 88' lang='lat' dir='ltr'>haec</span> <span class='ocrx_word' id='word_1_277' title='bbox 327 3438 411 3488; x_wconf 90' lang='lat' dir='ltr'>sunt:</span> <span class='ocrx_word' id='word_1_278' title='bbox 445 3428 522 3486; x_wconf 89' lang='lat' dir='ltr'>mitis</span> <span class='ocrx_word' id='word_1_279' title='bbox 553 3428 738 3506; x_wconf 90' lang='lat' dir='ltr'>clemensque</span> <span class='ocrx_word' id='word_1_280' title='bbox 770 3437 878 3500; x_wconf 79' lang='lat' dir='ltr'>natura,</span> <span class='ocrx_word' id='word_1_281' title='bbox 907 3431 999 3506; x_wconf 88' lang='lat' dir='ltr'>qualis</span> 
     </span>
    </p>
   </div>
   <div class='ocr_carea' id='block_1_3' title="bbox 0 0 1179 3788">
    <p class='ocr_par' dir='ltr' id='par_1_3' title="bbox 0 0 1179 3788">
     <span class='ocr_line' id='line_1_34' title="bbox 0 0 1179 3788; baseline 0 0"><span class='ocrx_word' id='word_1_282' title='bbox 0 0 1179 3788; x_wconf 95' lang='lat' dir='ltr'> </span> 
     </span>
    </p>
   </div>
  </div>
 </body>
</html>
